2192 3392
1281 256 1366 261 ——--
1370 257 1419 261 --—
1437 256 1598 263 ——-——-—
1605 257 1921 265 ᾔ.-

1007 302 1333 361 -62-

435 530 621 600 ribus
681 530 803 598 iter
856 530 1230 619 praebeant
1279 529 1709 620 expeditum3
1765 553 1924 599 nam

438 646 704 715 tametsi
735 646 801 713 in
832 645 1230 715 fluminibus
1268 664 1506 736 pontes
1540 645 1674 715 sere
1726 646 1926 738 lignei

435 762 587 829 sacti
621 779 776 839 sunt
803 761 999 852 (quos
1028 760 1268 829 deinde
1296 760 1360 827 in
1398 743 1766 851 legatorum
1801 765 1923 831 ad-

434 894 713 943 ventum
777 877 1042 945 reficere
1089 878 1437 945 universos
1488 879 1922 969 consuevere)

328 993 332 998 ’
434 1007 694 1076 tamen,
728 1013 885 1059 cum
922 991 965 1058 ii
990 1014 1068 1059 ex
1098 991 1276 1078 rudi,
1308 1014 1428 1060 nec
1454 993 1684 1060 dolata
1710 1010 1923 1062 mate-

433 1107 533 1175 ria
560 1107 693 1175 sint
718 1106 1051 1193 fabricati,
1073 1129 1311 1176 currus
1342 1131 1540 1198 saepe
1569 1109 1919 1199 frangunt,

403 1224 856 1312 ·viatoresque
896 1223 1144 1292 mirum
1195 1222 1260 1292 in
1310 1224 1591 1292 modum
1625 1244 1916 1293 contun-

430 1340 601 1406 dunt
644 1358 722 1404 ac
754 1338 1144 1411 debilitant.
1195 1340 1296 1406 Ex
1335 1339 1653 1407 omnibus
1689 1343 1922 1409 autem

427 1452 829 1523 fluminibus
862 1454 1267 1541 maximum,
1299 1475 1378 1521 ac
1406 1454 1919 1523 celeberrimum

432 1588 557 1657 est,
579 1571 765 1660 quod
793 1570 919 1659 ipsi
945 1570 1240 1661 Volgam
1275 1572 1659 1656 nominant,
1689 1570 1922 1638 Rham

429 1687 765 1756 veteribus
814 1685 1068 1754 dictum
1107 1678 1320 1789 ¹fuisse
1369 1686 1674 1753 nonnulli
1734 1686 1916 1754 arbi-

432 1821 720 1872 trantur.
770 1803 837 1870 Is
887 1802 1139 1893 crebris
1179 1824 1258 1869 ac
1305 1800 1596 1869 sinuosis
1633 1801 1918 1870 flexibus

430 1941 584 1987 cum
608 1917 1033 1985 Moscoviam
1052 1917 1438 1985 universam
1455 1918 1916 2006 pererraverit‚

428 2037 495 2104 in
518 2034 868 2105 Orientem
896 2055 1169 2102 cursum
1204 2031 1453 2122 dirigit,
1495 2032 1917 2121 Cazanisque

430 2170 492 2219 et
514 2148 907 2219 Astracanis
934 2149 1384 2217 Tartarorum
1421 2148 1658 2233 Regna
1686 2172 1919 2238 perva-

431 2272 652 2360 gatuS‚
720 2266 907 2334 ostiis
976 2288 1150 2333 Lxxu
1217 2265 1283 2331 in
1341 2286 1529 2332 mare
1590 2262 1918 2353 Caspium

428 2385 840 2464 effunditur3
896 2403 1034 2470 quo
1103 2380 1380 2447 flumine
1447 2396 1658 2459 vestes
1721 2401 1917 2464 aum,

434 2516 844 2588 argentoque
893 2496 1276 2563 intextae-et
1309 2494 1601 2584 pretiosa
1639 2494 1921 2581 textilia,

433 2612 681 2703 quibus
722 2611 946 2679 Mosei
982 2626 1282 2695 utuntur,
1315 2632 1396 2677 ex
1444 2610 1675 2678 Persia
1717 2610 1920 2679 deve-

435 2730 713 2795 huntur.
748 2726 986 2795 Solum
1018 2725 1232 2793 fertile
1261 2726 1544 2815 pecoris,
1569 2724 1917 2813 frumenti,

432 2842 783 2927 mellisque
812 2840 1329 2908 feracissimum.
1359 2840 1662 2909 Maximo
1687 2861 1917 2913 autem

430 2954 495 3018 in
592 2953 847 3018 honore
927 2970 1086 3018 sunt
1151 2953 1617 3024 zibellinorum
1671 2958 1915 3049 -pelleS‚
