2192 3392
936 341 1218 401 ..9-

336 554 528 624 victis
564 553 839 645 populis
868 551 1258 621 Catholicae
1285 548 1436 617 fidei
1467 549 1692 616 lumen
1725 546 1821 616 in-

224 665 235 679 '
336 671 567 743 ferret.
610 669 806 737 Haec
832 668 999 736 dum
1036 667 1329 736 maxime
1368 683 1686 758 aguntur,
1725 665 1820 733 le-

337 785 473 876 gati
515 807 557 853 a
609 783 999 853 Moscoviae
1049 783 1238 852 Duce
1296 798 1621 852 venerunt
1665 803 1822 850 cum

337 922 587 992 magno
633 901 1006 969 litterarum
1064 899 1406 967 volumine
1467 897 1821 988 (quinqua-

341 1016 528 1108 ginta
571 1017 889 1086 foliorum
932 1039 1049 1086 eae
1081 1015 1395 1084 dicuntur
1431 1014 1635 1083 fuisse
1672 1011 1812 1099 23);

339 1132 409 1200 hi
463 1154 622 1201 curn
669 1133 736 1200 in
784 1148 1049 1220 senatu,
1097 1134 1215 1224 qui
1259 1134 1389 1214 illis
1434 1135 1523 1203 ad
1567 1157 1651 1203 xv
1682 1134 1815 1202 kal.

342 1247 636 1339 Augusti
683 1249 883 1318 datus
929 1265 1028 1318 est
1058 1251 1253 1341 longe
1282 1251 1623 1321 inferiores
1659 1273 1821 1320 con-

341 1363 630 1433 ditiones
682 1365 1019 1452 afferrent,
1062 1388 1274 1456 quam
1311 1367 1689 1457 superiores
1727 1367 1822 1436 le-

341 1480 477 1570 gati
525 1478 924 1551 obtulissent
958 1482 1270 1570 (Livonia
1315 1482 1496 1551 enim
1543 1481 1825 1550 Moscus

342 1597 648 1683 cedebat,
690 1593 1023 1664 Narviam
1075 1618 1154 1663 ac
1203 1596 1541 1664 maritima
1572 1585 1843 1685 oppida'

227 1791 232 1796 ,
341 1713 471 1788 sibi
539 1712 987 1798 reservabat),
1055 1708 1242 1798 Rex,
1307 1730 1583 1802 questus
1659 1713 1823 1780 nihil

341 1827 525 1898 aliud
572 1848 780 1917 quam
836 1849 1107 1896 moram
1163 1843 1228 1896 et
1293 1827 1680 1896 dilationem
1732 1828 1823 1896 rei

343 1943 675 2036 gerendae
720 1942 993 2032 quaeri,
1043 1944 1295 2034 legatos
1342 1965 1383 2012 a
1430 1967 1500 2011 se
1541 1943 1821 2031 dimisit,

345 2075 622 2128 testatus
669 2081 752 2128 ne
811 2058 1097 2128 Livonia
1166 2059 1441 2149 quidem
1512 2035 1822 2128 universa

343 2173 656 2265 deinceps
696 2192 1088 2243 contentum
1150 2198 1217 2243 se
1282 2175 1445 2245 fore.
1503 2178 1608 2244 Ac
1663 2198 1824 2245 sane

343 2289 718 2359 certissima
766 2289 896 2359 Dei
959 2291 1219 2382 Optimi
1251 2291 1559 2360 .Maximi
1601 2291 1823 2382 provi·

239 2435 248 2442 ·
343 2405 570 2475 dentia
614 2406 867 2475 factum
916 2423 1060 2493 est,
1112 2425 1184 2474 ut
1244 2407 1313 2476 in
1374 2407 1535 2475 illud
1601 2409 1825 2498 ipsum

343 2539 614 2613 tempus
647 2523 1060 2593 Nostrorum
1108 2524 1437 2591 adventus
1484 2524 1823 2610 incideret,

346 2659 505 2706 cum
546 2654 823 2727 uterque
873 2637 1194 2730 Princeps
1248 2661 1487 2730 pacem
1547 2657 1824 2731 exopta·

340 2767 539 2838 rent,
587 2751 802 2820 neutri
861 2768 1084 2821 tamen
1138 2775 1290 2822 cum
1342 2777 1464 2823 sua
1508 2754 1826 2847 dignitate

343 2866 532 2956 pacis
596 2867 1012 2938 conditiones
1062 2891 1439 2966 proponere
1490 2869 1823 2959 integrum

347 2998 542 3054 esset.
577 2981 881 3078 ‘Moscus
931 2982 1109 3056 enim·
1156 2983 1224 3051 in
1270 2982 1394 3070 iis,
1443 3005 1613 3072 quas
1659 2983 1821 3072 dixi,
