2192 3392
458 242 513 247 --
545 240 587 245 -,-
643 238 703 243 --...
749 237 804 243 ῳ-
863 231 1054 241 --...—.-
1074 229 1471 239 ———-———-——-——-
1490 230 1615 236 --Q
1657 230 1661 235 ,

1040 256 1352 329 435.-

456 389 503 395 --·-
542 386 710 393 <—----—

452 505 622 574 tium
674 499 735 556 48
766 552 787 586 ‚
866 496 1126 569 consilii
1204 494 1629 581 Praesidem,
1686 496 1809 585 qui
1868 495 1952 563 P.

455 618 904 689 Possevinum
962 604 1414 685 suo'notnine
1469 628 1821 701 rogarent,
1884 629 1959 681 ut

454 759 591 805 non
619 734 826 804 modo
855 748 929 801 ut
974 730 1037 799 N
1050 728 1286 797 uncins
1317 726 1790 817 Apostolicu5‚
1839 724 1960 795 sed
1995 741 2000 746 '

453 852 658 921 etiam
716 867 787 919 ut
842 843 1277 924 consiliarius
1316 858 1379 909 et
1427 859 1706 911 senator
1759 864 1961 913 suam

455 969 700 1038 diceret
754 960 1192 1045 sententiam3
1252 979 1462 1047 quarn
1517 974 1756 1047 postea
1812 983 1964 1031 sen-

455 1084 734 1154 tentiam
780 1081 866 1151 ab
912 1079 1061 1169 ipso
1111 1096 1363 1165 magno
1410 1072 1599 1142 Duce
1641 1097 1965 1147 summo·-

452 1222 607 1291 pere
671 1196 1027 1289 probatam
1103 1188 1454 1279 cognitum
1503 1206 1625 1254 est.
1693 1186 1800 1255 Ea
1853 1210 1962 1257 res

453 1336 611 1385 cum
640 1314 933 1403 reliquae
972 1302 1413 1391 multitudini,
1443 1320 1593 1371 tum
1628 1303 1961 1373 Pristavis

458 1452 522 1505 et
549 1430 945 1505 consiliariis
973 1428 1313 1520 ingentem
1360 1421 1616 1513 peperit
1661 1422 1962 1498 admira·
2047 1404 2052 1408 ’

458 1551 741 1635 tionem,
770 1546 1161 1641 praesertim
1187 1564 1348 1612 vero
1383 1538 1569 1630 quod
1612 1539 1768 1607 Dux
1802 1560 1957 1608 om-

460 1691 579 1739 nes
650 1664 955 1757 publicas
1019 1661 1288 1731 tabulas
1369 1673 1434 1726 et
1507 1671 1958 1724 monumenta

462 1782 719 1877 miserit
747 1781 833 1850 ad
863 1781 945 1849 P.
983 1774 1460 1861 Possevinum‚
1493 1789 1565 1841 ut
1598 1792 1960 1862 tamquam

462 1900 517 1968 si
566 1920 799 1969 servus
844 1913 1044 1983 esset,
1095 1894 1189 1963 sic
1232 1892 1567 1960 factorum
1621 1888 1958 1957 rationem

463 2016 739 2085 reddere
793 2013 1150 2083 videretur.
1226 2012 1330 2078 Ac
1405 2023 1621 2076 cetera
1675 2006 1958 2094 quidem

464 2131 645 2201 haud
696 2152 892 2223 aegre
943 2131 1299 2221 impetrata
1342 2138 1526 2209 sunt,
1582 2120 1750 2189 illud
1797 2143 1956 2203 vero

465 2248 549 2317 de
587 2245 901 2336 religione
916 2240 1256 2337 impetrari
1287 2263 1420 2309 non
1445 2237 1685 2331 potuit,
1714 2237 1956 2306 vetuit-

466 2386 597 2453 que
642 2384 879 2431 eorum
917 2362 1296 2455 quidpiam,
1343 2379 1519 2448 quae
1562 2354 1650 2424 ad
1695 2352 1953 2444 religio-

469 2500 623 2547 nem
654 2494 1055 2567 spectarent‚
1097 2480 1493 2567 interpretes
1528 2488 1949 2557 convertere,

470 2612 741 2662 summa
773 2606 1000 2664 tamen
1032 2597 1116 2665 P.
1157 2592 1503 2664 Possevini
1531 2586 1952 2659 contentione

468 2712 839 2803 perfectum
889 2730 1014 2800 est,
1053 2732 1128 2785 ut
1173 2735 1279 2782 res
1325 2709 1582 2795 integra
1625 2700 1691 2768 in
1747 2720 1949 2768 suum

466 2826 760 2895 reditum
820 2838 1194 2921 pacemque
1243 2826 1616 2898 confectam
1663 2840 1952 2887 reserva·

472 2957 675 3008 retur.
712 2930 896 3005 Cum
937 2946 1118 3012 enim
1159 2940 1508 3013 Plescovia
1549 2937 1746 3027 (quae
1792 2933 1956 3003 urbs
