2192 3392
355 526 652 595 Tanaim
679 526 966 594 fluvium
991 525 1403 617 Vologdam,
1434 527 1649 596 Mosci
1692 528 1850 597 civi-

358 659 593 728 tatem,
627 666 666 709 n
689 644 862 710 ultra
895 641 1316 711 Moscoviam
1344 665 1667 732 passuum
1694 642 1848 712 mil-

358 756 559 841 libus,
587 756 747 848 fuga
777 758 1237 843 contendisse3
1270 757 1394 826 hos
1427 776 1500 826 ut
1541 759 1850 827 Pontifici

357 871 691 958 Maximo,
737 872 1038 962 Regique
1090 859 1420 942 catholico
1463 870 1525 926 ⁶4
1576 873 1853 943 Moscus

362 987 668 1072 donaret,
709 1009 979 1057 summo
1024 991 1246 1059 studio
1286 990 1597 1082 perfeci13
1637 1013 1678 1058 a
1716 1013 1854 1081 quo

362 1121 425 1172 et
485 1104 650 1171 illud
706 1103 787 1172 P.
856 1103 1264 1172 Possevinus
1317 1104 1726 1195 impetravit,
1780 1121 1854 1173 ut

368 1221 741 1289 Lithuanos
791 1220 1059 1310 triginta
1104 1236 1505 1286 mercatores
1558 1218 1853 1287 dimitte-

367 1353 491 1420 ret,
533 1353 766 1424 utque,
806 1333 1131 1424 quoniam
1166 1356 1201 1402 e
1248 1357 1370 1402 suo
1416 1335 1736 1404 comitatu
1784 1337 1854 1404 in

364 1451 597 1520 itinere
623 1450 761 1518 duo
785 1449 1204 1529 interiissent,
1232 1471 1462 1517 eorum
1494 1472 1858 1521 numerum

367 1566 646 1636 totidem
702 1564 981 1655 captivis
1027 1565 1336 1654 expleret.
1408 1562 1589 1634 Sane
1637 1565 1858 1634 Mosci

369 1681 666 1771 captivos
696 1680 785 1748 ita
830 1697 1144 1766 tractant,
1178 1696 1248 1746 ut
1284 1701 1399 1745 eos
1438 1678 1859 1768 sempiternis

369 1798 684 1883 tenebriS‚
773 1797 1188 1885 vinculisque
1264 1793 1693 1882 mandanteS‚
1764 1794 1858 1863 ibi

369 1914 695 2004 paedore,
788 1912 1143 2000 inediaque
1238 1908 1618 1977 conficiant.
1703 1909 1859 1999 Egit

373 2030 454 2098 P.
494 2028 900 2097 Possevinus
944 2048 1098 2096 cum
1135 2026 1349 2110 Duce,
1379 2041 1455 2092 ut
1481 2045 1688 2094 ctxxx
1717 2025 1856 2092 Po-

369 2144 507 2213 loni
588 2143 1068 2232 Lithuanique.,
1146 2140 1213 2208 in
1284 2139 1533 2228 quibus
1602 2139 1861 2230 aliquot

364 2276 556 2329 erant
607 2258 861 2328 nobiles
911 2258 1229 2345 Limnes,
1262 2281 1353 2344 *ex
1391 2258 1506 2329 illa
1540 2259 1858 2330 foeditate

365 2376 568 2466 erepti
652 2397 770 2466 per
842 2375 1089 2442 civium
1172 2375 1417 2444 domos
1495 2376 1857 2446 distribue-

369 2509 624 2578 rentur,
659 2490 1156 2580 humaniusque
1183 2507 1652 2574 tractarentur,
1683 2514 1857 2582 quo-

372 2631 525 2676 rum
554 2607 808 2675 bonam
854 2623 1118 2696 partem
1159 2606 1317 2673 Dux
1363 2606 1452 2674 ad
1493 2607 1579 2676 P.
1614 2607 1861 2693 Posse-

374 2723 511 2792 vini
548 2723 828 2790 domum
881 2720 1084 2805 misit,
1137 2737 1209 2787 ut
1246 2719 1647 2789 beneficium
1689 2721 1859 2791 illud

379 2833 687 2902 Pontifici
737 2833 1068 2918 Maximo,
1124 2832 1443 2924 Patrique
1489 2837 1859 2907 Possevino

376 2949 690 3017 referrent
714 2965 1082 3038 acceptum.
1106 2935 1489 3020 Miserabile
1507 2975 1663 3020 vero
1682 2974 1864 3043 spec-
