2192 3392
349 492 479 559 que
546 471 835 544 Domini.
890 474 1019 541 Per
1080 472 1584 543 hebdomadam
1663 497 1825 543 vero

352 605 694 676 quartam,
720 604 783 655 et
813 606 1075 657 sextam
1116 588 1381 674 feriam,
1411 574 1590 658 diem
1627 612 1826 680 prae-

349 720 529 771 terea
558 703 1018 773 decollationis
1043 702 1116 773 S.
1147 704 1432 772 Joannis
1457 705 1830 796 Baptistae,

347 837 411 887 et
456 820 895 887 Exaltationis
928 819 999 889 S.
1036 819 1298 906 CruciS‚
1342 818 1575 888 eodem
1618 822 1830 890 modo

347 934 490 1011 sine
553 934 867 1003 carnibus
930 934 1350 1024 lactariisque
1421 936 1826 1024 traducunt3

344 1067 616 1139 excepta
647 1048 992 1138 Paschatis
1036 1048 1493 1135 hebdomada,
1533 1073 1611 1118 ac
1655 1068 1828 1121 tem·

346 1188 532 1255 pore,
554 1164 734 1255 quod
760 1164 930 1232 inter
957 1165 1304 1249 Natalem,
1340 1165 1828 1255 Epiphaniam-

344 1306 475 1373 que
503 1282 874 1368 intercedit,
914 1281 1163 1370 quibus
1220 1282 1639 1373 temporibus
1683 1307 1831 1374 per-

344 1418 549 1490 petuo
626 1399 941 1469 carnibus
1030 1416 1412 1469 vescuntur.
1506 1400 1826 1470 Ceterum

344 1538 559 1605 neque
614 1515 937 1584 festorum
977 1515 1239 1583 dierum
1291 1516 1551 1606 vigilias
1617 1518 1820 1603 ullaS,

346 1654 559 1721 neque
586 1630 745 1699 anni
778 1648 1068 1720 quatuor
1098 1624 1406 1723 tempora
1435 1633 1818 1702 observant.
1911 1656 1916 1660 ·

346 1746 479 1817 Sed
519 1769 735 1837 neque
786 1748 864 1815 iis
903 1747 1063 1837 ipsis
1111 1748 1376 1833 diebuS‚
1411 1748 1658 1837 quibus
1696 1748 1826 1839 ipsi

345 1864 670 1953 jejunant,
708 1884 941 1930 verum
970 1884 1047 1930 ac
1078 1861 1454 1952 legitimum
1485 1862 1709 1951 jejunii
1743 1864 1832 1931 ri-

343 1999 490 2049 tum
565 1980 911 2069 legemque
976 1996 1304 2047 servant..
1353 1972 1542 2048 Nam
1617 1979 1825 2047 modo

342 2122 569 2186 carne,
612 2099 784 2185 oviS,
836 2098 1135 2188 lacteque
1178 2098 1584 2185 abstineant,
1628 2098 1826 2167 licere

344 2216 584 2307 cuique
621 2231 891 2306 putant,
936 2215 1198 2303 quoties
1241 2213 1534 2300 libuerit,
1581 2214 1689 2282 die
1735 2214 1827 2282 ci·
1915 2262 1920 2268 -

343 2333 509 2401 bum
553 2352 815 2427 capere.
865 2330 1125 2398 Verum
1180 2352 1338 2398 cum
1384 2350 1647 2397 sacram
1694 2330 1826 2396 Eu-

343 2448 729 2529 charistiam
808 2448 1139 2537 sumpturi
1223 2464 1383 2515 sunt
1448 2447 1538 2538 (id
1636 2450 1822 2535 quod

342 2562 584 2656 singuli
662 2564 746 2630 ad
829 2563 1184 2631 arbitrium
1249 2585 1448 2631 suum
1511 2562 1821 2649 faciunt,

339 2695 690 2768 propterea
720 2676 904 2783 quod
933 2676 1116 2765 apud
1144 2675 1416 2743 Moscos
1455 2676 1639 2743 nulla
1677 2676 1826 2765 ejus
1879 2759 1885 2766 ἱ

330 2791 437 2869 'rei
485 2793 589 2859 lex
636 2793 754 2875 est)
807 2812 963 2857 cum
1002 2789 1199 2877 igitur
1257 2789 1822 2860 communicaturi

346 2922 531 2988 sunt,
580 2906 973 2987 secundam,
1030 2922 1368 2991 quartam,
1432 2924 1824 2999 sextamque

1984 564 2008 595 Ι
