2192 3392
985 267 1266 327 ...6.-

394 499 601 586 viam,
682 519 854 586 quae
932 493 1203 565 Silesiae
1272 492 1659 582 metropolis
1736 509 1863 577 est,

392 630 845 705 perrexerunt.
875 609 1031 699 Qua
1058 611 1127 679 in
1165 607 1330 678 urbe
1365 606 1869 697 perhumaniter
1920 614 1927 620 “

397 747 540 799 tum
600 749 639 796 a
689 725 1070 817 praeposito
1102 722 1185 811 ¹⁶,
1225 722 1369 792 viro
1414 723 1497 791 de
1542 719 1870 792 Societate

398 842 647 933 optime
677 829 942 928 merito,
974 857 1119 908 turn
1150 862 1193 907 a
1224 837 1582 908 Canonicis
1619 838 1873 929 accepti

404 976 586 1028 sunt.
647 957 908 1026 Eodem
963 957 1247 1023 Patrum
1301 971 1683 1022 nostrorum
1748 955 1873 1023 ad-

405 1090 607 1143 ventu
699 1070 964 1162 cognito
989 1121 1009 1154 ,
1094 1069 1449 1159 episcopus
1548 1068 1876 1137 Vratisla-

408 1188 651 1259 viensis
715 1199 767 1244 Ι7
846 1185 1078 1271 Nissa,
1147 1183 1487 1274 sexaginta
1552 1204 1880 1273 passuum

410 1301 697 1373 millium
724 1299 975 1382 itinere,
1008 1321 1219 1388 eoque
1261 1296 1654 1388 perdifficili,
1697 1297 1877 1366 salu-

415 1416 684 1487 tationis
720 1436 953 1484 caussa
982 1412 1344 1484 contendit.
1379 1413 1473 1499 Is,
1499 1434 1653 1482 cum
1681 1413 1884 1482 semi-

414 1531 634 1617 nari0,
652 1530 830 1620 quod
854 1549 974 1597 sua
1001 1527 1284 1617 pecunia
1310 1527 1550 1597 Nissae
1575 1527 1883 1615 instituit,

417 1647 725 1716 homines
779 1669 815 1714 e
882 1643 1210 1714 Societate
1264 1645 1532 1735 praefici
1588 1662 1886 1736 cuperet,

418 1785 633 1852 neque
667 1778 891 1831 tamen
941 1761 1009 1829 id
1055 1761 1195 1830 fieri
1242 1784 1437 1853 posse
1476 1762 1886 1854 intelligeret,
1992 1777 1997 1781 ·

418 1878 804 1968 praesertim
831 1898 986 1945 cum
1014 1876 1273 1945 nullum
1302 1894 1473 1946 esset
1504 1877 1571 1945 in
1613 1900 1693 1946 ea
1729 1877 1891 1947 civi-

419 2007 555 2060 tate
630 1988 975 2060 Societatis
1043 1991 1424 2082 collegium,
1478 2013 1591 2061 sex
1644 2015 1680 2060 e
1756 1991 1894 2060 suis

425 2105 716 2174 alumnis
764 2105 1028 2198 delegit,
1082 2115 1256 2197 quos
1310 2132 1434 2178 suo
1502 2127 1775 2200 sumptu
1826 2110 1894 2178 in

425 2219 785 2288 Viennensi
844 2221 1201 2292 seminario
1254 2224 1480 2312 aleret,
1541 2242 1613 2294 ut
1661 2247 1898 2296 eorum

423 2341 626 2426 opera
653 2336 894 2405 deinde
922 2344 989 2404 in
1019 2337 1251 2407 ceteris
1286 2339 1704 2409 instituendis
1752 2357 1897 2410 ute-

425 2467 628 2520 retur.
666 2452 926 2521 Interea
967 2452 1219 2522 litterae
1263 2476 1302 2522 a
1341 2455 1663 2524 Poloniae
1717 2457 1900 2546 Rege

423 2582 745 2635 venerunt
804 2565 885 2654 ¹8,
937 2549 1181 2657 quibus
1223 2571 1458 2639 Mosco
1498 2571 1716 2660 legato
1768 2570 1900 2638 fide

422 2681 692 2773 publica
755 2698 1155 2772 potestatem
1218 2685 1426 2754 dabat
1475 2685 1765 2759 itineris,
1781 2708 1903 2775 per

426 2797 784 2866 Poloniam
865 2797 1213 2886 faciundi,
1304 2799 1579 2890 viaeque
1663 2799 1904 2869 ducem

431 2913 648 3003 Regni
709 2913 1107 3002 primarium
1185 2915 1403 2986 virum
1461 2917 1901 3020 adsignabat3
