2192 3392
374 520 558 591 bidui
597 518 831 589 itinere
858 518 1134 588 obviam
1166 518 1248 585 P.
1293 516 1662 586 Possevino
1706 540 1865 587 suos

373 658 634 722 curruS,
676 634 1055 726 Rigamque
1082 633 1655 725 appropinquanti
1693 635 1865 721 eius-

374 753 529 821 dem
593 752 776 840 jussu
837 750 1151 820 nobilitas
1216 750 1528 818 universa
1587 748 1863 837 obviam

372 868 714 959 processit,
761 884 861 954 ut,
910 888 1062 934 cum
1121 866 1337 934 Mosei
1387 867 1672 955 legatuS,
1713 881 1861 932 tum

372 1006 533 1053 vero
564 984 689 1074 ipsi
722 983 1047 1074 Rigenses
1075 981 1357 1050 luterani
1397 980 1860 1070 intelligerent,

372 1100 605 1191 quanti
636 1100 725 1169 ab
765 1100 911 1189 ipso
940 1099 1173 1167 fierent
1202 1097 1550 1165 Pontificis
1574 1096 1859 1189 Maximi

379 1216 636 1307 Legati.
690 1216 911 1284 Multa
963 1214 1044 1281 Ρ.
1092 1213 1505 1282 Possevinus
1536 1213 1666 1302 egit
1701 1233 1860 1279 cum

372 1335 555 1422 Rege
607 1332 689 1401 de
747 1352 912 1422 pace
966 1352 1124 1398 cum
1183 1329 1437 1396 Moscis
1496 1327 1857 1412 servanda,

370 1448 782 1539 captivisque
857 1445 1347 1538 permutandiS,
1419 1445 1502 1512 de
1573 1442 1860 1511 Livonia

371 1564 670 1659 juvanda
723 1581 788 1632 et
854 1563 1169 1654 episcopo
1221 1559 1720 1645 constituenda,
1776 1559 1859 1626 de

371 1680 664 1750 amicitia
694 1702 847 1749 cum
880 1682 1065 1771 Rege
1084 1679 1347 1749 Svetiae
1376 1677 1435 1723 ⁶8
1455 1674 1734 1761 tuenda,
1769 1674 1861 1742 ad

370 1820 570 1888 quem
617 1797 823 1865 etiam
859 1797 1158 1886 legatum
1197 1796 1375 1867 ,mitti
1417 1794 1689 1884 placuit,
1738 1797 1859 1865 de-

370 1916 803 2006 signatusque
859 1930 957 1980 est
1002 1911 1552 2001 -Christophorus
1614 1912 1861 1981 Varse-

369 2029 604 2115 viciuS,
656 2052 697 2097 a
746 2029 939 2115 cujus
989 2027 1312 2118 singulari
1361 2025 1633 2118 pietate,
1686 2051 1858 2120 pru-

290 2218 293 2222 ,
369 2146 728 2236 dentiaque
808 2145 1039 2214 omnia
1116 2144 1329 2213 felicia
1390 2163 1854 2235 expectamus,

373 2262 503 2329 His
549 2259 749 2329 rebus
777 2262 1063 2351 peractis
1102 2261 1379 2328 Vilnam
1415 2261 1496 2328 P.
1549 2260 1858 2329 Possevi-

370 2398 499 2445 nus
548 2377 874 2460 discessit,
908 2395 982 2444 ut
1033 2376 1124 2445 ibi
1188 2376 1524 2444 pontificis
1567 2374 1858 2445 Maximi

368 2492 759 2562 auctoritate
840 2489 1339 2575 Ruthenorum,
1431 2490 1856 2558 Moscorum-

366 2632 497 2700 que
576 2604 1030 2678 Seminarium
1095 2603 1492 2688 institueret,
1567 2606 1682 2694 qui
1765 2605 1853 2673 ad

367 2747 482 2795 eos
537 2722 818 2791 alendos
874 2742 1004 2788 Mcc
1076 2704 1493 2788 scutatorum
1549 2741 1850 2811 annuum

368 2837 647 2926 vectigal
688 2834 1008 2901 attribuit.
1057 2836 1223 2902 Inde
1273 2836 1576 2901 Romam
1620 2837 1854 2906 Idibus

369 2948 781 3038 Septembris
818 2946 987 3013 1582
1018 2969 1175 3014 cum
1213 2949 1427 3016 Mosei
1461 2951 1678 3037 legato
1707 2973 1854 3039 per-

2181 2898 2183 2901 r
2173 2802 2184 2879 -—a
