2192 3392
885 306 963 318 -.
1006 294 1087 355 79
1132 306 1211 319 .-

296 524 601 592 unquam
673 504 969 591 flectunt)
1032 502 1342 598 cominus
1423 501 1628 571 etiam
1706 526 1784 571 ex

298 624 489 712 equis
517 619 843 689 adorandi
865 640 1103 688 caussa
1134 618 1569 686 descendunt.
1611 616 1784 683 Inud

300 759 463 803 vero
507 736 797 803 maxime
828 733 1041 825 gentis
1078 733 1398 824 pietatem
1427 753 1783 800 commen-

302 852 446 936 dat,
477 852 662 941 quod
691 850 1009 918 omnibus
1034 848 1236 917 rebus
1269 847 1545 937 agendis
1568 847 1784 915 crucis

300 968 569 1058 signum
598 966 1053 1057 praemittunt.
1085 963 1654 1032 Animadversum
1687 982 1788 1032 est

303 1104 343 1148 a
371 1080 665 1167 NostriS‚
684 1081 849 1149 dum
871 1078 1186 1150 Starisiae
1208 1096 1658 1164 versarentur,
1680 1078 1782 1145 fa·

303 1196 465 1263 bros
496 1196 860 1281 murariOS‚
887 1197 1003 1285 qui
1026 1219 1250 1265 arcem
1281 1193 1782 1280 construebant,

303 1332 440 1378 non
472 1325 628 1378 ante
651 1334 897 1379 manus
926 1312 1111 1403 operi
1137 1312 1501 1381 admovere
1524 1310 1785 1393 solitos,

304 1444 513 1515 quam
573 1448 716 1493 sese
765 1427 852 1495 ad
904 1449 1146 1517 omnes
1191 1450 1450 1513 cruces,
1493 1448 1666 1515 quae
1718 1423 1785 1491 in

300 1543 709 1633 templorum
773 1543 1053 1635 fastigiis
1133 1544 1546 1631 constitutae
1602 1557 1785 1625 sunt,

302 1659 812 1743 convertissent,
855 1659 1069 1749 iisque
1110 1660 1368 1728 cultum
1413 1656 1784 1749 legitimum

303 1775 783 1845 exhibuissent.
816 1776 1119 1843 Domum
1149 1770 1590 1866 ingredientes
1627 1797 1784 1843 cru-

302 1913 478 1976 cem,
534 1892 672 1959 sive
734 1914 996 1959 sacram
1052 1892 1352 1981 aliquam
1421 1890 1783 1982 imaginem

308 2013 499 2097 (quas
539 2008 605 2075 in
653 2007 971 2076 omnibus
1022 2007 1401 2093 domiciliis,
1455 2007 1602 2075 loco
1661 2009 1802 2095 ho-v

306 2123 689 2191 nestissimo
752 2124 1077 2191 collocare
1139 2124 1436 2191 solemne
1493 2123 1617 2211 est)
1667 2124 1788 2193 rite

304 2255 708 2305 venerantur
766 2238 1066 2327 primum
1092 2289 1114 2323 .,
1193 2237 1432 2307 deinde
1498 2237 1790 2327 reliquos

303 2335 619 2422 salutant.
656 2352 864 2441 Quod
895 2354 949 2420 si
998 2354 1166 2423 forte
1200 2377 1359 2422 crux
1398 2370 1516 2423 aut
1559 2354 1786 2445 imago

302 2470 486 2538 nulla
514 2470 621 2555 sit,
652 2468 738 2537 ab
784 2468 972 2537 omni
1022 2470 1204 2537 cultu
1245 2490 1323 2535 ac
1351 2470 1778 2537 veneratione

306 2583 673 2668 abstinent,
697 2605 781 2651 ne
808 2582 1042 2673 parieti
1078 2584 1406 2652 honorem
1455 2583 1644 2651 illum
1672 2586 1791 2653 tri·-

304 2701 507 2769 buere
545 2700 919 2769 videantur.
960 2701 1222 2769 Accidit
1253 2723 1454 2791 saepe
1487 2717 1586 2785 ut,
1631 2723 1785 2768 cum

308 2816 545 2887 Nostri
578 2815 947 2885 accubituri
985 2839 1293 2910 mensam
1330 2818 1408 2885 de
1446 2838 1630 2886 more
1679 2816 1790 2885 be*-

307 2932 712 3021 nedicerent‚
746 2932 1034 3001 Pristavi
1083 2934 1174 3001 ad
1224 2933 1572 3019 fenestraS,
1611 2933 1786 3001 unde
1937 2986 1942 2991 .
2021 2932 2025 2936 ’
