2192 3392
397 214 1881 224 ———————.————-—.—.-—-—-—---

977 288 1053 298 .-
1096 255 1179 315 60
1228 287 1297 300 .-

395 481 812 552 Moscovitae
836 480 1433 573 nominantur,qui
1468 482 1539 551 in
1570 482 1887 552 extremis

399 601 714 689 Europae
771 597 1111 689 Asiaeque
1178 598 1427 668 finibus
1495 599 1725 690 positi,
1798 599 1886 668 ab

399 713 873 805 septemtrione
905 713 1119 782 ultimi
1144 715 1536 783 mortalium
1563 738 1708 784 esse
1732 738 1887 805 per-

397 829 733 898 hibentur.
769 829 1157 896 Moscoviae
1188 829 1435 897 finibus
1462 832 1687 921 egredi
1728 833 1885 901 abs-

397 967 530 1034 que
561 944 765 1012 Ducis
795 961 1151 1034 potestate,
1175 944 1410 1014 incolis
1438 948 1722 1038 capitale
1750 965 1885 1036 est,

402 1061 701 1128 advenae
728 1080 911 1144 ver0,
946 1059 1001 1126 si
1029 1059 1146 1148 qui
1176 1082 1256 1126 eo
1295 1059 1550 1151 absque
1588 1062 1720 1130 fide
1756 1085 1887 1152 pu·

402 1175 572 1243 blica
613 1175 1135 1264 penetraverint,
1170 1192 1534 1265 perpetuae
1585 1178 1887 1246 servituti

402 1294 826 1362 addicuntur.
873 1290 1004 1361 Sed
1031 1315 1252 1384 neque
1276 1311 1703 1374 externarum
1732 1317 1890 1384 gen-

403 1411 574 1478 tium
607 1409 865 1499 legatiS,
894 1427 1012 1478 aut
1042 1411 1555 1498 mercatoribus,
1589 1411 1707 1500 qui
1756 1410 1889 1478 fide

405 1524 676 1615 publica
701 1525 767 1591 in
789 1525 1213 1594 Moscoviam
1229 1526 1555 1613 venerint,
1577 1525 1743 1595 liber
1756 1525 1892 1594 exi-

405 1660 514 1710 tus
539 1662 658 1730 per
686 1641 1103 1730 provinciam
1147 1642 1596 1731 permittitur,
1638 1665 1889 1733 quam-

403 1759 516 1828 diu
560 1754 741 1826 enim
797 1756 840 1825 ii
891 1776 1246 1825 versantur
1290 1757 1361 1826 in
1401 1757 1782 1844 Moscovia,
1822 1758 1890 1826 in

402 1877 685 1944 honesta
751 1871 1048 1962 quadam
1106 1873 1411 1940 custodia
1462 1875 1892 1960 detinentur,

405 1989 698 2077 certique
748 1987 1056 2055 homines
1113 2004 1488 2076 ponuntur,
1544 1989 1658 2078 qui
1715 2011 1890 2078 quae

405 2120 636 2194 agant,
656 2103 1063 2197 quibuscum
1098 2103 1461 2192 loquantur
1503 2105 1883 2174 observent.

409 2219 489 2286 Id
513 2217 696 2307 quod
726 2216 926 2286 etiam
971 2217 1215 2285 nostris
1251 2218 1566 2288 Patribus
1602 2243 1729 2288 usu
1773 2243 1889 2288 ve-

382 2334 532 2418 ·nit,
566 2353 636 2400 ut
661 2355 742 2400 ne
774 2334 861 2401 ad
899 2333 1296 2422 aquandum
1342 2333 1615 2423 quidem
1676 2357 1889 2424 equos

404 2447 648 2538 pedem
703 2448 911 2514 domo
977 2447 1208 2515 efferre
1280 2448 1526 2518 liceret.
1605 2451 1891 2540 Ipsimet

409 2563 627 2630 Mosei
655 2584 907 2651 aquam
939 2562 1199 2648 afferre,
1231 2564 1405 2633 unde
1428 2565 1662 2636 bibant
1690 2567 1890 2655 equi,

405 2679 530 2770 ipsi
583 2696 832 2746 ceteros
893 2677 1204 2764 artificeS,
1269 2702 1557 2768 quorum
1608 2703 1887 2771 operam

402 2797 763 2867 desiderari
801 2797 1176 2887 contigerit,
1207 2799 1295 2866 ad
1351 2797 1719 2888 hospitium
1766 2798 1887 2866 de-

409 2913 650 2981 ducere
664 2934 692 2996 ‚·
723 2930 921 2980 noctu
951 2911 1218 3002 ignibus
1267 2911 1337 3012 in
1388 2913 1715 3004 impluvio
1774 2935 1891 2983 ac-
