2192 3392
1393 244 1814 253 ———

912 267 1240 363 ’‘4¹'—

318 519 507 588 enim
542 514 1055 609 perhumaniter
1082 509 1484 581 tractabitur
1519 534 1560 581 a
1596 513 1819 601 nobis,

321 657 464 703 non
494 655 722 718 secuS,
744 653 823 699 ac
843 630 896 698 si
920 648 992 698 tu
1018 629 1163 721 ipse
1181 651 1501 720 praesens
1524 631 1816 699 adesses,

320 752 514 819 Tum
586 770 872 816 manum
923 747 1238 837 deinceps
1286 745 1486 832 Duci,
1543 745 1817 833 filioque

324 863 703 933 deosculati
741 864 1024 931 domum
1067 861 1368 929 redeunt.
1419 862 1621 930 Domi
1658 863 1814 930 Dux

328 980 716 1051 convivium
754 977 1192 1069 magnificum
1217 994 1281 1045 et
1305 979 1564 1047 lautum
1598 998 1811 1067 appa-

326 1097 461 1167 rari
500 1094 787 1182 jusserat
819 1120 835 1163 z
866 1094 933 1163 in
972 1116 1112 1183 quo
1141 1080 1363 1163 cetera
1391 1093 1665 1183 quidem
1695 1117 1810 1162 su-

324 1212 674 1302 periorum
705 1210 949 1280 similia
977 1209 1188 1296 fuere,
1221 1208 1349 1278 sub
1394 1207 1599 1275 finem
1653 1229 1813 1276 vero

327 1326 676 1417 Principes
725 1326 1009 1415 quidam
1055 1324 1180 1393 viri
1226 1342 1373 1392 tum
1406 1322 1593 1392 varia
1638 1322 1814 1391 ciba·

320 1445 451 1530 ria,
517 1460 663 1511 tum
723 1442 861 1511 vini
928 1441 1337 1531 amphoram
1406 1439 1811 1526 attulerunt,

322 1556 512 1647 quod
573 1556 642 1623 in
702 1554 784 1623 iis
842 1554 1098 1644 Regnis
1172 1553 1596 1623 rarissimum
1682 1570 1808 1641 est,

324 1690 529 1761 atque
558 1670 743 1761 apud
783 1691 999 1738 unum
1029 1669 1367 1759 Magnum
1408 1668 1666 1739 Ducem
1715 1692 1810 1738 re-

321 1787 605 1879 peritur.
648 1786 841 1855 Haec
884 1786 1032 1855 ideo
1060 1784 1216 1854 Dux
1255 1785 1466 1872 dedit,
1514 1801 1590 1853 ut
1634 1786 1809 1855 Nos-

322 1902 445 1971 tris
476 1902 545 1971 in
573 1901 808 1970 castris
848 1900 1188 1969 Polonicis
1231 1899 1381 1968 usui
1413 1918 1656 1987 essent,
1690 1922 1812 1991 per

325 2019 496 2088 fines
532 2018 715 2085 enim
752 2016 1145 2086 Moscoviae
1201 2016 1579 2085 necessaria
1618 2037 1812 2085 cura-

326 2134 643 2203 bantura
673 2132 1028 2218 PristaviS,
1071 2153 1285 2222 quam
1327 2130 1531 2199 Ducis
1578 2131 1814 2201 libera-

328 2250 584 2319 litatem
624 2247 1284 2338 sollicitudinemque
1319 2248 1502 2339 apud
1533 2271 1674 2337 eos,
1701 2249 1817 2339 qui

328 2367 643 2451 aderant,
688 2364 917 2433 multis
984 2365 1211 2434 verbis
1262 2364 1345 2433 P.
1406 2365 1815 2433 Possevinus

329 2480 587 2551 extulit.
631 2481 744 2548 Ad
771 2501 1130 2569 vesperam
1161 2480 1311 2548 Dux
1338 2501 1493 2548 cum
1521 2481 1813 2550 Nostros

330 2612 707 2683 evocasset,
785 2594 1158 2682 Sacerdoti,
1236 2617 1440 2685 quern
1514 2597 1813 2665 Romam

329 2709 667 2798 mittebat,
707 2734 993 2781 munera
1046 2711 1230 2780 dedit
1280 2711 1367 2778 ad
1412 2711 1814 2783 Pontificem

329 2827 713 2897 Maximum
759 2826 1086 2919 pretiosas
1137 2826 1615 2896 zebellinorum
1676 2830 1815 2919 pel-

336 2944 459 3032 leS,
493 2942 775 3034 singulis
802 2965 1076 3033 quoque
1106 2945 1522 3039 Nostrorum
1558 2946 1818 3034 magni-
