2192 3392
814 267 1460 274 ———-—--—-—.—.-——-
1480 268 1529 271 »ψ-
1588 268 1741 275 -.-,.-,--

884 326 1210 388 ,7,-

620 416 1153 423 -----.-.-.--..--.-.
1162 417 1416 423 -.-.-.-.--
1437 416 1554 421 ...—-.-.
1566 415 1780 420 -—.-————

300 558 497 607 mum
554 536 770 605 Mosei
815 536 1135 606 insanam
1184 534 1557 605 Gentilium
1605 536 1785 603 Deo·

298 676 459 723 rum
487 653 1028 744 superstitionem
1058 652 1262 722 secuti
1294 670 1475 722 sunt.
1500 652 1786 722 Christi-

303 792 513 839 anam
532 769 921 860 religionem
950 791 987 837 a
1014 767 1292 837 Graecis
1323 786 1786 859 susceperunt,

301 886 743 953 Voladimero
798 901 1121 975 regnante
1152 882 1238 970 73,
1303 907 1383 951 eo
1432 884 1581 973 ipso
1625 901 1790 951 tem·

306 1024 499 1093 pore,
536 1023 673 1091 quo
722 998 963 1085 Graeci
1011 1022 1050 1068 a
1094 999 1305 1067 latina
1345 1000 1619 1067 ecclesia
1671 1022 1788 1066 ne-

305 1121 474 1189 farie
498 1120 959 1206 desciverunt,
997 1139 1198 1209 atque
1236 1120 1325 1187 ob
1355 1120 1528 1187 hanc
1571 1118 1790 1209 ipsam

307 1260 618 1307 caussam
665 1236 1057 1305 Patriarcha
1103 1236 1793 1326 Constantinopolita-

311 1377 439 1422 nus
490 1375 531 1421 a
586 1352 978 1421 Moscoviae
1034 1353 1220 1421 Duce
1257 1352 1620 1442 quotannis
1669 1373 1793 1419 au-

310 1472 441 1541 reis
482 1472 880 1562 ‚quingentis
949 1471 1269 1556 donatur,
1345 1469 1518 1560 grati
1584 1468 1794 1539 animi

312 1609 497 1679 ergo.
541 1587 705 1676 Quo
747 1587 1005 1655 sactum
1062 1580 1198 1671 est,
1233 1604 1309 1654 ut
1364 1608 1522 1654 cum
1550 1586 1797 1655 Christi

311 1705 443 1773 fide
499 1701 916 1772 Graecorum
965 1702 1170 1772 etiam
1213 1725 1469 1771 errores
1519 1703 1798 1771 imbibe-

314 1822 471 1907 rint,
517 1821 981 1912 plurimosque
1043 1843 1282 1890 eorum
1345 1810 1513 1889 ritus
1575 1821 1796 1889 adhuc

314 1955 611 2009 teneant.
656 1935 984 2027 Spiritum
1036 1938 1220 2005 enim
1265 1955 1607 2024 sanctum,
1663 1954 1796 2009 ter-

314 2056 483 2123 tiam
530 2054 800 2123 divinae
863 2053 1221 2122 Trinitatis
1271 2076 1660 2145 personam,
1714 2054 1801 2122 ab

315 2193 455 2239 uno
510 2171 715 2238 Patre
771 2171 1130 2259 procedere
1204 2170 1406 2262 impie
1473 2172 1794 2259 credunt,

321 2287 378 2354 F
381 2286 711 2375 iliumque
745 2287 833 2354 ad
879 2288 1214 2374 dextram,
1253 2285 1577 2378 Spiritum
1611 2309 1802 2355 sanc-

315 2404 461 2471 tum
516 2402 604 2468 ad
665 2402 886 2470 Patris
930 2403 1192 2472 laevam
1241 2403 1588 2472 considere
1660 2393 1800 2472 z'id

318 2521 504 2613 quod
548 2524 779 2608 etiam,
822 2522 992 2591 dum
1034 2547 1179 2593 sese
1223 2524 1436 2592 crucis
1487 2523 1802 2592 muniunt

319 2626 537 2730 sign0,
606 2638 824 2707 Mosei
892 2640 1325 2729 exprimunt,
1379 2643 1494 2729 qui
1565 2639 1801 2707 dextra

320 2756 615 2825 frontem
668 2758 1154 2849 contingenteS,
1208 2760 1286 2827 In
1339 2758 1609 2826 nomine
1663 2756 1799 2823 Pa-

322 2874 468 2960 triS,
518 2874 857 2963 inquiunt,
898 2892 1044 2942 tum
1077 2874 1163 2941 ad
1205 2870 1517 2942 dextrum
1565 2874 1802 2941 hume·-

322 3010 475 3057 rum
525 3011 736 3057 manu
777 2990 1013 3075 relata,
1060 3006 1125 3058 et
1171 2988 1348 3075 Filii,
1395 2988 1609 3076 ajunt,
1651 2985 1804 3052 inde
