2192 3392
1051 347 1128 359 —
1162 314 1255 378 ,68
1298 349 1376 360 -

462 561 595 630 tur,
627 545 671 613 ii
723 543 1051 635 Principis
1079 545 1437 614 famulatui
1485 543 1755 637 proprie
1800 562 1951 613 sunt

465 659 736 747 addicti,
786 682 1080 750 quorum
1125 683 1484 752 magnum,
1542 678 1691 733 tum
1738 661 1950 746 domi,

462 792 610 843 tum
664 775 941 868 militiae
986 795 1350 846 numerum
1386 776 1540 844 Dux
1588 775 1836 861 habet3
1881 776 1950 860 ii,

465 891 674 959 modo
728 909 800 959 ut
845 915 970 982 pro
1013 892 1227 979 Duce,
1269 892 1597 960 vilissima
1642 914 1951 981 quaeque

468 1028 753 1075 munera
789 1007 972 1076 obire
1019 1008 1195 1077 soliti
1246 1024 1426 1077 sunt.
1474 1006 1680 1075 Hanc
1726 1028 1950 1097 popu-

467 1123 687 1191 lorum
739 1124 938 1192 fidem
988 1142 1054 1193 et
1130 1123 1586 1193 obedientiam
1630 1124 1953 1192 illustrio-

468 1263 612 1310 rem
649 1241 852 1311 etiam
884 1239 1100 1309 reddit
1127 1241 1434 1332 ipsorum
1472 1241 1790 1310 severitas
1825 1240 1957 1308 Re-

465 1379 658 1448 gum,
689 1356 825 1447 qui*
852 1358 1030 1424 viros
1078 1356 1563 1443 nobilissimoS‚
1595 1372 1950 1444 aetateque

469 1471 880 1540 venerabiles
908 1489 1157 1541 temere
1186 1473 1437 1558 necari,
1469 1485 1587 1540 aut
1638 1473 1953 1541 servilem

466 1593 532 1660 in
575 1591 858 1660 modum
888 1587 1088 1678 virgis
1122 1587 1309 1656 caedi
1348 1587 1605 1676 jubent.
1653 1588 1757 1656 Illi
1798 1610 1962 1656 vero

466 1705 657 1774 humi
695 1726 838 1771 sese
883 1716 1406 1793 prosternente5‚
1440 1725 1579 1771 non
1616 1719 1773 1771 ante
1801 1725 1963 1770 sur-

469 1834 662 1910 gunt,
695 1838 904 1907 quam
943 1816 1134 1884 lictor
1173 1814 1496 1884 caedendi
1536 1815 1739 1885 finem
1778 1816 1961 1886 fece-

469 1939 575 2007 rit.
609 1939 850 2026 Neque
873 1955 1102 2006 tamen
1127 1933 1221 2000 sic
1241 1931 1496 2022 accepti
1520 1953 1562 1999 a
1586 1932 1804 2021 Duce,
1830 1932 1963 2001 ali—

469 2076 605 2144 qua
624 2053 693 2122 in
711 2053 900 2121 illum
934 2049 1405 2122 malevolentia
1434 2048 1964 2139 suffunduntur,

469 2187 586 2238 aut
649 2170 934 2239 obscure
999 2165 1457 2253 maledicunt,
1502 2181 1734 2234 contra
1792 2189 1968 2236 vero

467 2287 584 2356 ubi
621 2308 763 2354 sese
793 2286 907 2354 dat
935 2285 1225 2370 occasi0‚
1272 2281 1479 2351 Ducis
1524 2283 1969 2352 clementiam

465 2402 694 2471 multis
729 2401 1043 2470 laudibus
1085 2398 1446 2470 celebrant.
1481 2399 1787 2468 Tantam
1832 2422 1975 2469 au-

465 2536 604 2588 tem
641 2517 825 2607 apud
857 2515 1146 2606 populos
1177 2516 1651 2586 auctoritatem
1682 2518 1962 2588 Princi-

465 2657 582 2725 pes
611 2632 902 2701 maxime
929 2631 1056 2700 sibi
1104 2631 1322 2720 specie
1350 2634 1650 2723 quadam
1689 2634 1974 2724 pietatis

467 2749 846 2817 conciliant.
887 2747 953 2814 Is
981 2747 1191 2831 enim,
1224 2747 1339 2834 qui
1383 2748 1509 2815 hoc
1548 2765 1859 2837 tempore
1891 2749 1977 2818 in

471 2863 820 2930 Moscovia
874 2878 1112 2951 regnat
1186 2862 1487 2930 Joannes
1554 2863 1816 2950 Basilii,
1875 2866 1993 2934 de.

468 2994 660 3042 nocte
723 2975 966 3043 dicitur
1033 2998 1306 3064 surgere
1380 2977 1469 3044 ad
1537 2977 1983 3067 precationes
