2192 3392
430 468 513 537 tis
557 469 812 559 populo
853 491 889 536 e
927 483 1242 559 suggestu
1282 470 1640 565 leguntur..
1677 470 1760 538 In
1808 470 1917 538 his

434 585 686 654 Divum
717 584 1009 653 maxime
1040 586 1405 655 Nicolaum
1436 588 1677 677 Myrae
1710 588 1917 679 Epis-

433 723 680 791 copum
751 701 1008 788 colunt,
1065 701 1255 790 cujus
1314 703 1542 794 imago
1617 704 1688 771 in
1743 704 1914 773 urbe

432 817 755 885 Mosaisia
785 828 845 873 74
869 816 1165 907 plurima
1209 818 1403 886 edere
1441 819 1768 888 miracula
1807 820 1914 888 di-

436 932 629 1001 citur.
675 931 953 999 Praeter
999 931 1207 999 Divos
1245 948 1496 1017 autem,
1540 955 1714 1021 quos
1752 957 1911 1002 cum

432 1046 652 1115 latinis
696 1062 1125 1131 venerantur,
1158 1045 1405 1115 habent
1441 1047 1657 1116 Mosci
1688 1050 1915 1117 omnis

437 1162 671 1231 aetatis
717 1161 1046 1251 plurimos
1096 1161 1464 1252 MartyreS‚
1510 1163 1911 1255 Episcop03‚

440 1275 848 1361 Monachos,
894 1296 1066 1364 quos
1094 1298 1136 1342 a
1178 1298 1248 1343 se
1291 1276 1624 1366 profectos
1654 1276 1720 1345 in
1761 1301 1912 1347 coe·-

440 1395 582 1462 lum
630 1391 1029 1483 gloriantur,
1082 1412 1451 1481 eorumque
1499 1414 1783 1482 corpora
1811 1392 1914 1460 in-

439 1527 626 1599 tegra
658 1529 929 1576 summa
965 1529 1126 1576 cum
1157 1508 1476 1599 religione
1505 1508 1944 1591 custodiunt,'

440 1626 786 1713 multaque
809 1646 1015 1714 supra
1044 1626 1380 1693 humanas
1410 1623 1582 1691 vires
1608 1622 1773 1702 effici
1799 1644 1915 1712 per

439 1764 557 1809 eos
580 1761 982 1831 persuasum
1007 1741 1283 1809 habent.
1318 1741 1736 1830 Quanquam
1761 1760 1916 1807 cum
1978 1750 1984 1756 ’

446 1857 919 1949 Novogardiae
976 1858 1059 1925 Ρ.
1093 1858 1442 1926 Possevini
1500 1873 1735 1947 rogatu
1783 1860 1914 1924 Ar-

442 1973 901 2065 chiepiscopus
968 1973 1053 2071 75'·
1095 1975 1478 2065 sepulchra,
1543 1973 1611 2041 in
1676 1972 1916 2062 quibus

442 2089 990 2177 Voladimerum‚
1029 2089 1114 2176 is,
1154 2090 1268 2180 qui
1308 2089 1752 2157 Moschorum
1783 2087 1914 2179 pri-

446 2228 599 2274 mus
628 2205 1011 2274 Christiana
1048 2228 1239 2275 sacra
1283 2205 1674 2295 complexus
1709 2221 1807 2271 est
1837 2202 1916 2290 7⁶,

448 2347 525 2392 ac
561 2324 1025 2415 Nicephorum
1047 2323 1416 2413 'quemdam
1448 2321 1788 2390 miraculis
1818 2343 1918 2389 ce·

451 2441 698 2509 lebrem
774 2440 1114 2509 adservari
1189 2440 1448 2522 dicunt,
1534 2435 1917 2527 aperuisset,

451 2574 781 2645 quantum
814 2556 1047 2643 conjici
1077 2554 1292 2646 potuit
1322 2552 1455 2643 (vix
1488 2553 1668 2620 enim
1699 2552 1920 2641 adspi-

454 2672 671 2740 ciendi
709 2688 1003 2761 potestas
1049 2670 1195 2759 fuit)
1247 2692 1382 2737 non
1433 2669 1544 2736 illa
1583 2690 1742 2735 vera.
1782 2690 1920 2736 cor-

454 2809 651 2875 pora,
682 2786 799 2851 sed
823 2786 1039 2873 lignea
1070 2802 1254 2865 sunt,
1284 2784 1578 2850 vestibus
1608 2783 1839 2851 induta
1865 2800 1920 2849 et

457 2897 791 2991 coloribus
858 2897 1144 2983 depicta.
1199 2893 1487 2977 Sanctos
1539 2920 1724 2984 vero,
1786 2898 1919 2995 licet
