2192 3392
1303 257 1853 265 --—————-——-—-.

944 335 1024 346 ..
1070 320 1153 382 70
1198 332 1271 346 -.

370 535 543 602 blico
596 551 846 602 carent.
914 535 1159 599 Annos
1209 527 1426 596 Mosci
1485 545 1854 596 numerant

372 651 459 720 ab
485 650 632 740 ipso
672 649 906 718 mundi
950 646 1253 732 exordi0,
1294 660 1855 734 praesentemque

370 788 655 852 annum,
685 765 798 855 qui
829 787 869 833 a
899 761 1145 834 Christi
1177 759 1385 828 natali
1404 776 1505 828 est
1532 781 1856 827 Manxxn

374 882 495 972 ipsi
556 881 920 971 septimum
986 875 1425 947 millesimum
1492 873 1855 964 nonagesi-

376 1020 568 1066 mum
638 996 936 1087 primum
986 1006 1041 1052 72
1097 1013 1460 1064 numerant
1525 995 1613 1064 ab
1690 994 1857 1063 orbe

375 1113 671 1198 condit0,
715 1113 989 1202 ejusque
1032 1112 1291 1180 initium
1340 1110 1614 1201 capiunt
1644 1132 1684 1179 a
1711 1111 1865 1178 kal.-
1931 1120 1946 1130 '

376 1227 818 1318 SeptembriS,
849 1249 1053 1316 quem
1091 1225 1273 1294 diem
1304 1224 1577 1315 publica
1606 1224 1857 1293 laetitia
1892 1257 1895 1259 ’

375 1343 745 1432 faustisque
773 1343 1119 1411 ominibus
1158 1340 1519 1410 celebrant.
1558 1338 1861 1432 Sugges-

377 1473 520 1524 tum
553 1455 621 1522 in
669 1455 817 1523 foro
845 1455 1197 1541 excitatur,
1246 1456 1314 1523 in
1353 1456 1541 1545 quod
1594 1456 1861 1524 Metro-

383 1570 720 1663 politanus
772 1588 837 1639 et
889 1569 1044 1638 Dux
1100 1572 1587 1664 conscepdunt,
1634 1571 1863 1661 ibique

382 1689 615 1758 aestati
671 1688 996 1758 nuncium
1057 1711 1129 1756 se
1198 1689 1431 1758 dicunt
1491 1689 1852 1758 remittere.

379 1805 950 1896 Metropolitanus
977 1826 1230 1895 aquam
1263 1806 1392 1876 ritu
1427 1805 1710 1875 solemni
1742 1806 1865 1875 be-

383 1923 657 2009 nedicit,
684 1945 895 2013 eaque
921 1923 1207 2010 Ducem,
1234 1925 1702 2014 populumque
1730 1923 1866 1991 cir-

385 2038 776 2106 cumfusum
804 2039 1169 2129 adspergit,
1210 2055 1415 2128 atque
1456 2057 1601 2108 tum
1640 2039 1870 2129 ipsum

389 2158 677 2244 Ducem,
709 2173 858 2224 tum
909 2156 1082 2224 filios
1125 2157 1265 2244 ejus
1308 2179 1504 2226 cruce
1546 2141 1895 2246 lustransJ

387 2274 660 2364 longam
699 2273 807 2359 iis,
847 2273 1241 2364 felicemque
1279 2275 1485 2343 vitam
1529 2292 1879 2365 precatur,—

387 2389 818 2479 populusque
880 2388 1182 2458 similiter
1245 2390 1514 2480 magnis
1588 2390 1873 2459 vocibus
1944 2426 1959 2438 ·

391 2505 636 2573 clamat
666 2528 683 2574 ε
719 2505 1017 2595 Magnus
1053 2505 1379 2597 Princeps
1407 2523 1658 2592 noster,
1690 2505 1873 2595 ejus-

393 2643 522 2710 que
561 2620 749 2688 liberi
779 2620 910 2688 sint
937 2619 1307 2690 diutissime
1336 2621 1745 2712 superstiteS,
1793 2643 1877 2690 ac

393 2736 638 2826 singuli
686 2734 869 2804 festis
898 2737 1419 2806 salutationibus
1465 2738 1739 2829 longam
1766 2737 1875 2806 in-

394 2849 608 2917 vicem
635 2850 847 2918 vitam
871 2851 1304 2919 ominamur..

484 2967 664 3032 Ante
745 2987 1003 3033 annum
1086 2966 1343 3036 circiter
1416 2969 1881 3061 quingentesi-
