2192 3392
986 253 1064 264 -
1110 221 1190 284 38
1237 255 1313 265 .-

406 473 447 520 a
495 467 918 520 sacrosancta
954 450 1111 518 sede
1152 450 1547 541 Apostolica
1579 449 1664 518 ad
1705 449 1893 540 ipsos

407 566 848 636 mitterentur.
897 565 1162 635 Interea
1210 566 1372 633 du'm
1417 587 1524 650 ea,
1574 587 1749 654 quae
1800 567 1892 633 ad

405 681 887 774 profectionem
944 680 1300 770 pertinent,
1354 679 1644 749 Pristavi
1697 703 1891 749 com-

408 813 674 888 parant,
714 797 802 865 ad
850 811 911 865 v·
961 797 1126 866 Idus
1164 795 1580 886 Septembris
1628 795 1807 863 venit
1851 819 1891 864 a

412 915 596 1005 Rege
660 913 981 981 Poloniae
1054 911 1444 981 tabellarius
1498 932 1659 979 cum
1716 910 1889 978 litte-

410 1031 500 1098 ris
553 1029 636 1113 ⁵¹‚
690 1028 935 1119 quibus
972 1029 1080 1097 ille
1138 1027 1546 1118 longissimis
1588 1026 1694 1112 iis,
1720 1048 1894 1115 quas

411 1146 497 1214 ad
529 1145 864 1214 Polotiam
893 1144 1188 1213 redditas
1216 1144 1378 1231 dixi,
1410 1141 1887 1232 respondebat.

413 1261 696 1329 Postero
734 1261 841 1329 die
894 1260 1047 1329 Dux
1080 1262 1373 1331 Nostros
1420 1260 1508 1327 ad
1554 1281 1624 1326 se
1665 1256 1893 1325 venire
1980 1337 1983 1348 A

412 1377 630 1466 jussit,
661 1398 739 1444 ac
761 1376 867 1444 vix
906 1377 973 1445 in
1003 1377 1145 1466 ejus
1170 1393 1605 1466 conspectum
1636 1374 1893 1464 ingres-

411 1495 526 1581 siS‚
559 1493 917 1563 Senatores
950 1496 1032 1563 P.
1074 1494 1523 1584 possevinum
1553 1494 1641 1563 ad
1669 1491 1894 1558 consi-

415 1609 479 1678 lii
532 1597 756 1678 locum
809 1610 1072 1678 silentio
1124 1610 1464 1678 deducunt
1506 1611 1896 1699 litterasque

416 1725 738 1793 Poloniae
782 1726 988 1816 Regis
1037 1725 1400 1794 ostendunt
1462 1725 1603 1817 (eae
1669 1728 1895 1796 ruthe-

411 1843 556 1909 nice
581 1892 600 1926 ,
669 1841 972 1931 polonice
1053 1859 1118 1910 et
1204 1841 1407 1910 latine
1480 1842 1898 1932 conscriptae

411 1976 628 2044 erant,
642 1959 1069 2034 vehementes
1089 1981 1250 2027 sane
1281 1976 1343 2026 et
1370 1959 1434 2026 in
1461 1959 1682 2050 ipsum
1701 1961 1900 2028 Prin-

414 2077 630 2167 cipem
692 2076 1427 2164 contumeliosissimae)
1492 2099 1769 2166 remque
1824 2096 1902 2146 ut

413 2210 1047 2283 maturet‚.rogant.
1089 2193 1187 2260 De
1227 2191 1573 2260 Pontificis
1613 2192 1898 2263 Maximi

414 2307 766 2396 postulatis
791 2307 1045 2376 mentio
1071 2307 1309 2396 injecta
1334 2325 1460 2394 est,
1478 2323 1542 2374 et
1568 2307 1654 2374 ad
1680 2327 1902 2376 cetera

415 2422 690 2511 quidem
740 2444 1141 2512 responsum
1190 2423 1416 2508 datur,
1461 2443 1678 2490 unum
1730 2423 1899 2491 illud

416 2536 751 2626 religionis
781 2554 982 2628 caput
1015 2537 1220 2605 etiam
1250 2560 1430 2606 nunc
1455 2540 1903 2630 supprimitur

419 2669 619 2741 atque
667 2653 731 2719 in
775 2653 855 2720 P.
914 2653 1262 2720 Possevini
1302 2654 1592 2723 reditum
1642 2657 1898 2746 produ-

416 2768 609 2835 citur.
653 2766 861 2855 Quod
899 2768 1108 2852 dedit,
1138 2787 1575 2859 acceperunt3
1626 2771 1896 2840 omnia-

421 2901 552 2967 que
590 2881 810 2948 statim
832 2882 1042 2971 gentis
1065 2903 1255 2950 more
1288 2884 1353 2950 in
1383 2885 1646 2954 tabulas
1672 2886 1858 2976 publi
