2192 3392
472 538 905 631 fulgentibuS,
945 532 1143 628 'quas
1218 536 1424 605 etiam
1498 536 1585 605 ad
1673 537 1944 605 inanem

476 654 861 723 divitiarum
918 653 1434 723 ostentationem
1513 651 1781 742 saepius
1846 654 1949 721 die

476 789 766 840 mutant.
791 771 1028 860 Itaque
1057 770 1241 837 initio
1261 788 1643 837 nostrorum
1662 768 1950 837 Patrum

474 908 819 977 pannosas
874 902 1087 955 vestes
1151 884 1376 953 minus
1439 883 1670 973 aequis
1743 886 1954 953 oculis

472 1006 913 1096 aspiciebant,
975 1027 1224 1095 eosque
1278 1004 1632 1103 urgebant,
1689 1018 1762 1071 ut
1809 1001 1946 1068 sal-

472 1139 612 1191 tem
651 1122 718 1189 in
762 1121 1096 1211 Principis
1133 1100 1565 1208 conspectum
1615 1138 1693 1184 ac
1745 1138 1943 1206 prae-

472 1238 759 1306 sentiam
790 1237 1080 1324 venturi,
1124 1252 1335 1305 vestes
1363 1249 1731 1318 mutarent,
1764 1231 1947 1321 quod

471 1375 631 1421 eum
676 1357 996 1421 vestitum
1047 1354 1538 1431 monachorum
1594 1376 1738 1423 esse
1778 1354 1954 1422 dice·

470 1486 641 1537 rent.
676 1468 948 1557 Quibus
978 1469 1059 1537 P.
1098 1470 1504 1539 Possevinus
1532 1470 1624 1537 ita
1665 1490 1947 1560 respon-

470 1583 593 1671 dit,
622 1602 697 1653 ut
735 1585 1107 1653 monachos
1143 1586 1414 1675 plurimi
1454 1608 1496 1654 a
1539 1608 1610 1654 se
1655 1587 1796 1653 fieri
1836 1608 1947 1654 os·

466 1693 809 1789 tenderet,
871 1724 951 1769 ex
1004 1723 1241 1770 eorum
1291 1722 1519 1771 tamen
1578 1704 1814 1771 ordine
1880 1725 1951 1771 se

468 1834 742 1908 negaret
780 1840 958 1903 esse3
992 1839 1254 1886 morem
1287 1812 1508 1887 autem
1550 1841 1692 1888 esse
1731 1820 1954 1887 latinis

467 1933 934 2002 sacerdotibus
972 1933 1060 2002 ad
1109 1924 1532 2033 vestiendum
1581 1956 1778 2022 auro,
1834 1958 1947 2003 ar-

466 2065 800 2139 gentoque
852 2072 987 2117 non
1041 2050 1166 2136 uti,
1215 2050 1601 2119 universum
1649 2072 1810 2120 vero
1860 2052 1946 2120 ad

464 2164 876 2254 templorum
907 2184 1229 2235 ornatum
1258 2164 1578 2235 conferre.
1616 2164 1775 2253 Quo
1805 2188 1949 2234 res·

464 2304 683 2372 ponso
730 2283 978 2371 Mosei,
1011 2284 1128 2373 qui
1176 2284 1546 2370 instabant,
1587 2300 1660 2350 ut
1711 2282 1948 2351 Nostri

465 2412 677 2465 vestes
714 2416 1079 2486 mutarent,
1114 2400 1193 2468 iis
1231 2400 1525 2489 amplius
1563 2397 1944 2466 molestiam

463 2510 775 2581 exhibere
822 2514 1266 2584 destiterunt:
1311 2515 1566 2604 visique
1608 2512 1733 2603 ipsi
1787 2529 1946 2581 sunt

463 2646 601 2691 non
658 2626 821 2693 nihil
877 2628 960 2694 de
1014 2628 1258 2697 insano
1303 2629 1417 2697 illo
1471 2627 1694 2697 studio
1741 2627 1944 2695 remi-

462 2737 651 2823 sisse,
699 2761 859 2809 cum
914 2742 1096 2810 enim
1152 2743 1346 2811 novis
1416 2765 1682 2834 semper
1744 2761 1945 2811 antea

462 2848 761 2916 vestibus
827 2851 1043 2918 induti
1114 2874 1546 2943 apparerent,
1615 2856 1754 2945 jam
1808 2879 1953 2925 non.

420 3040 424 3045 ι
461 2958 588 3026 nisi
616 2959 823 3029 domo
854 2963 1089 3032 exituri
1132 2986 1346 3037 vestes
1395 2989 1658 3040 mutare
1705 2994 1946 3063 coepe-
