2192 3392
1000 366 1077 377 .-
1122 330 1206 411 84
1247 364 1322 375 ....
1627 290 1888 299 ———-

417 445 671 452 -—-—-—-—-
1755 444 1887 451 ———.

411 560 570 631 alibi
623 578 1105 631 trecentorum.
1143 560 1223 629 In
1259 560 1672 629 Monasterio
1721 579 1894 631 certe

415 676 487 747 S.
511 676 892 763 Trinitatis,
916 677 1124 745 leucis
1143 677 1316 745 ultra
1336 676 1757 745 Moscoviam
1782 700 1889 763 xx,

409 793 683 861 trecenti
723 792 1216 883 quinquaginta
1246 791 1558 860 monachi
1591 792 1891 862 habitare

408 910 751 995 dicuntur,
772 932 1006 979 verum
1029 909 1254 978 densis
1280 908 1446 977 adeo
1474 910 1892 999 ignorantiae

408 1023 701 1094 tenebris
728 1025 1098 1111 obcaecati,
1132 1042 1204 1093 ut
1257 1047 1338 1092 ne
1385 1025 1575 1114 cujus
1611 1025 1889 1115 quidem

409 1141 542 1209 sint
569 1141 861 1210 familiae
886 1141 1136 1210 norint.
1169 1141 1565 1231 Interrogati
1596 1141 1762 1229 quid
1799 1141 1894 1229 ἰῇ·-

404 1276 504 1327 ter
535 1258 950 1347 precandum
993 1258 1312 1341 dicerent,
1344 1256 1837 1347 responderunt
1869 1281 1883 1323 :

411 1373 703 1443 Domine
736 1374 897 1442 Jesu
926 1372 1220 1459 Christe,
1256 1372 1346 1440 fili
1395 1372 1518 1441 Dei
1556 1370 1714 1457 vivi,
1763 1373 1889 1439 mi-

404 1511 621 1557 serere
652 1488 849 1558 nobis
880 1492 1024 1577 (nec
1052 1488 1235 1556 enim
1274 1488 1356 1556 iis
1398 1486 1461 1554 in
1498 1485 1658 1556 locis
1694 1510 1888 1556 men-

404 1605 555 1673 talis
610 1604 931 1674 orationis
987 1620 1085 1673 est
1130 1602 1369 1694 usus)3
1423 1624 1632 1693 quarn
1687 1602 1886 1672 etiam

403 1720 858 1811 precationem
896 1720 983 1789 ad
1021 1737 1677 1788 certum-numerum
1720 1718 1888 1787 reci-

406 1853 579 1923 tant,
621 1836 935 1927 precariis
966 1835 1256 1926 globulis
1311 1834 1381 1902 in
1418 1855 1707 1903 coronae
1746 1835 1886 1903 Ro-

406 1952 647 2022 sariive
677 1950 965 2041 speciem
1016 1949 1302 2019 insertis.
1338 1948 1544 2019 Cultu
1585 1950 1883 2041 corporis

405 2089 540 2135 non
592 2084 749 2134 sunt
798 2065 1138 2134 absimiles
1203 2066 1448 2134 nostris
1504 2064 1884 2151 monachis,
1969 2107 1981 2120 ·

406 2182 703 2251 vestibus
730 2181 1089 2272 ferruginei
1119 2182 1360 2250 coloris
1399 2199 1714 2268 utuntur3
1749 2181 1887 2250 vic-

406 2315 515 2366 tus
552 2297 985 2366 tenuissimus
1012 2320 1089 2365 ex
1133 2298 1298 2382 sale,
1328 2318 1529 2386 pane,
1558 2294 1887 2387 piscibus-

406 2434 565 2501 que,
634 2434 807 2501 quos
867 2411 1135 2503 ipsimet
1196 2412 1508 2502 capiunt,
1574 2413 1890 2481 carnibus

405 2526 691 2595 omnino
751 2526 1132 2612 abstinent3
1215 2528 1453 2594 iisdem
1529 2527 1892 2617 aequaliter

404 2640 769 2710 caelibatus
801 2642 1134 2710 indicitur.
1166 2642 1399 2712 Solent
1427 2665 1506 2711 ex
1541 2642 1890 2711 monachis

403 2755 592 2823 multi
644 2756 731 2823 ad
800 2756 1121 2824 finitimos
1178 2759 1465 2847 populos
1515 2758 1887 2844 {identidem

409 2868 761 2956 proficisci,
804 2868 985 2935 utils
1011 2871 1337 2960 evangelii
1374 2873 1724 2940 veritatem
1756 2872 1886 2944 im-

366 3071 389 3072 ?
404 2980 693 3069 pertiant
713 3003 734 3064 3
754 3001 1048 3068 quorum
1070 2981 1324 3071 aliquot
1344 3007 1381 3051 a
1404 2984 1698 3075 Scythis,
1715 2987 1887 3055 Tar-
