2192 3392
351 467 725 557 Polonique
773 468 840 535 in
905 467 986 535 P.
1034 464 1381 533 Possevini
1431 465 1832 536 tabernacu-

350 586 493 652 lum
515 584 809 669 coibant,
829 583 916 652 ibi
943 583 1024 651 de
1048 604 1212 673 pace
1233 582 1520 673 agebant
1548 608 1563 650 z
1597 606 1831 653 verum

350 705 491 769 tota
531 724 635 768 res
681 700 877 767 variis
922 699 1206 789 querelis
1249 717 1314 767 et
1342 676 1831 770 criminationi-

350 817 476 885 bus
513 815 1018 906 interponendis
1068 814 1138 881 in
1185 814 1473 881 alterum
1526 836 1828 883 mensem

348 940 640 1002 extracta
671 923 792 1001 est.
826 932 1139 1001 Tandem
1169 932 1254 999 ad
1285 954 1372 999 x11
1405 930 1663 999 circiter
1691 932 1828 1000 kal.

352 1052 549 1120 Febr.
608 1050 710 1117 his
762 1049 1259 1118 conditionibus
1291 1071 1418 1139 pax
1471 1049 1832 1117 constituta

346 1186 472 1255 est,
503 1184 576 1235 ut
599 1168 873 1235 Moscus
897 1166 1178 1233 Livonia
1200 1166 1459 1233 cederet
1486 1164 1828 1251 universa,

350 1286 648 1353 Polonus
722 1300 954 1350 contra
1010 1280 1312 1349 redderet
1379 1302 1591 1366 arceS‚
1659 1302 1832 1370 quas

345 1402 523 1469 hisce
553 1399 823 1467 duobus
860 1398 1053 1465 annis
1082 1396 1361 1487 cepisset
1389 1415 1589 1485 atque
1621 1396 1687 1486 in
1719 1419 1832 1465 eas

346 1512 761 1582 conditiones
811 1510 1054 1579 Poloni
1082 1500 1169 1578 'et
1211 1509 1428 1577 Mosei
1472 1510 1668 1599 legati¹
1709 1510 1829 1579 rite

344 1631 650 1718 jurarunt
677 1627 758 1695 ⁵4.
800 1626 961 1715 Qua
1006 1628 1075 1695 in
1126 1650 1196 1695 re
1239 1626 1328 1693 ad
1358 1625 1681 1694 laetitiam
1705 1647 1826 1694 cu-

344 1746 743 1815 mulandam
770 1744 1245 1835 percommode
1269 1742 1533 1829 cecidit,
1564 1760 1638 1810 ut
1669 1764 1828 1811 cum

349 1868 763 1934 Polonorum
810 1866 1189 1957 legatorum
1234 1863 1532 1931 >scribam
1567 1863 1826 1931 Ruthe-

343 1982 494 2049 nico
540 1981 897 2048 schismate
953 1980 1274 2048 infectum
1316 1979 1534 2047 Mosei
1586 1978 1826 2047 eadem
1863 2010 1870 2017 ·

345 2096 469 2187 ipsi
497 2095 645 2163 labe
674 2094 974 2185 adspersi
1006 2096 1095 2163 ad
1124 2116 1320 2167 suam
1347 2116 1614 2163 crucem
1642 2094 1828 2162 deos-

345 2210 703 2279 culandam
741 2209 831 2297 (id
871 2210 1048 2278 enirn
1081 2210 1264 2299 apud
1301 2210 1600 2278 Polonos
1633 2210 1825 2279 Mos-

344 2348 590 2415 cosque
644 2323 1145 2392 sanctissimum
1183 2340 1282 2392 est
1330 2324 1822 2412 jusjurandum)

344 2445 729 2529 invitarent,
770 2444 825 2511 is
851 2461 1079 2512 tamen
1126 2444 1213 2512 ad
1253 2462 1581 2530 nostram,
1625 2444 1691 2511 id
1729 2461 1826 2512 est

342 2559 828 2630 catholicorum
867 2581 1163 2646 crucem,
1204 2582 1378 2649 quae
1433 2560 1501 2627 in
1537 2560 1617 2627 P.
1654 2560 1825 2628 Pos-

340 2675 552 2744 sevini
594 2675 1030 2743 tabernaculo
1076 2692 1218 2742 erat
1261 2674 1629 2765 proposita,
1671 2697 1827 2743 cum

343 2790 573 2880 legatis
605 2788 883 2856 Polonis
936 2789 1310 2875 accesserit,
1353 2811 1637 2879 eamque
1674 2789 1826 2858 reli-

344 2906 527 2995 giose
557 2905 641 2972 sit
668 2904 1119 2971 deosculatus.
1162 2906 1352 2973 Haec
1391 2928 1521 2995 pax
1552 2925 1698 2975 tum
1727 2930 1829 2975 ar-

279 3109 418 3127 ᾧ
