2192 3392
1060 347 1342 409 „4-

451 558 810 648 Olomutii,
854 563 1148 651 Pragae,
1201 559 1481 650 aliisque
1529 558 1600 628 in
1650 558 1936 636 civitati·

453 676 580 746 bus
625 699 1003 768 pauperum
1045 674 1344 767 Collegia
1393 674 1692 745 instituta
1737 675 1936 745 scho-

451 793 871 879 lasticorum,
904 813 1080 884 quae
1112 814 1192 861 eo
1232 792 1476 861 animis
1503 791 1938 882 aequioribus

452 918 725 1000 accepta
754 927 913 977 sunt
948 908 1208 994 omnia,
1250 907 1433 996 quod
1475 905 1556 974 iis
1590 906 1939 981 Pontificis

452 1023 735 1094 Maximi
792 1023 1158 1093 auctoritas
1209 1012 1753 1113 praetexabatur,
1819 1021 1937 1111 qui

451 1139 655 1207 etiam
699 1138 786 1207 ad
842 1138 956 1206 illa
990 1136 1223 1205 omnia
1267 1136 1678 1207 conficienda
1729 1159 1936 1227 pecu-

452 1255 636 1324 niam
696 1252 1053 1323 liberaliter
1105 1250 1578 1342 suppeditavit.
1640 1250 1940 1320 Venetiis

452 1389 551 1441 ter
592 1388 619 1433 9
652 1370 740 1439 ad
783 1368 1095 1437 intimum
1141 1384 1450 1437 senatum
1506 1388 1662 1436 cum
1717 1368 1938 1437 Mosei

451 1487 670 1577 legato
742 1485 825 1553 P.
916 1483 1329 1551 Possevinus
1410 1482 1810 1571 admissus,
1853 1485 1937 1554 de

449 1599 695 1669 Christi
729 1598 895 1690 Opt.
931 1599 1127 1667 Max.
1177 1598 1306 1669 fide
1347 1602 1812 1693 propaganda,
1853 1603 1937 1672 de

448 1717 797 1789 Societatis
825 1737 1097 1788 nostrae
1126 1716 1454 1805 instituto,
1489 1717 1706 1808 deque
1741 1716 1939 1788 Sedis

446 1834 876 1923 Apostolicae
907 1855 1098 1919 cura,
1126 1854 1332 1922 quam
1361 1832 1431 1900 in
1475 1854 1746 1903 morum
1778 1856 1939 1903 con-

445 1949 921 2017 formationem
950 1948 1239 2035 confert,
1267 1970 1344 2017 ea
1381 1948 1717 2037 disseruit,
1762 1973 1936 2041 quo-2

447 2086 602 2133 rum
667 2065 794 2155 ipsi
857 2063 1264 2133 memoriam
1341 2062 1430 2132 ad
1493 2064 1938 2135 centesimum

446 2200 704 2247 annum
758 2178 1159 2247 duraturam
1225 2178 1447 2249 testati
1511 2196 1692 2251 sunt.
1755 2180 1936 2252 Cum

445 2317 603 2364 vero
668 2294 1037 2363 discedenti
1101 2295 1184 2363 P.
1243 2295 1615 2387 Possevino
1668 2321 1845 2368 unus
1898 2324 1936 2369 e

445 2410 861 2501 principibus
928 2420 983 2453 ¹0
1036 2410 1122 2480 de
1196 2430 1467 2483 senatus
1539 2416 1934 2487 auctoritate

443 2530 659 2598 multa
694 2550 773 2597 ac
802 2529 1288 2620 pretiosissima
1329 2530 1510 2598 dona
1553 2530 1931 2619 obtulisset,

444 2666 525 2715 ea
560 2644 789 2713 omnia
818 2646 912 2729 sic
945 2644 1058 2713 ille
1100 2645 1380 2737 respuit,
1426 2662 1501 2716 ut
1543 2646 1816 2735 diceret,
1862 2647 1933 2717 id

444 2784 513 2830 se
556 2782 767 2829 unum
825 2761 1076 2830 summi
1133 2760 1435 2831 beneficii
1495 2785 1575 2831 ac
1631 2764 1934 2833 muneris

445 2880 593 2947 loco
636 2893 888 2966 petere,
931 2892 1003 2945 ut
1051 2893 1149 2945 tot
1197 2899 1546 2947 sacrorum
1596 2879 1926 2968 locorum,

445 2994 514 3063 in
538 2993 785 3084 quibus
812 2992 1392 3063 sanctissimorum
1419 2994 1777 3066 hominurn
1822 3019 1931 3067 re·
1961 3056 1972 3065 ,
