2192 3392
1067 369 1143 379 .-
1191 334 1271 414 34
1314 368 1381 378 .-

477 582 635 631 sunt
665 564 752 631 ad
774 564 1196 632 evellendam
1224 586 1302 632 ex
1332 564 1577 632 animis
1610 565 1967 634 hominum

476 678 758 771 prava'm
801 681 884 748 de
934 681 1139 748 latina
1198 681 1493 748 Ecclesia
1538 697 1601 749 et
1653 681 1968 771 religione

478 797 886 886 opinionem.
916 796 1138 864 Pridie
1160 797 1294 863 kal.
1316 796 1715 886 septembris
1730 798 1970 865 eadem

481 935 733 1002 pompa
765 913 1275 1002 celebritateque
1312 912 1547 981 Nostri
1579 914 1664 981 ad
1710 915 1971 981 Ducem

479 1030 725 1098 iterum
757 1028 1205 1096 deducuntur.
1242 1028 1402 1117 Quo
1435 1029 1540 1096 die
1575 1029 1752 1116 Dux,
1780 1051 1974 1118 prae-

481 1144 661 1212 fatus
693 1145 1038 1214 pontilicis
1079 1145 1359 1213 Maximi
1412 1144 1974 1233 benevolentiam,

485 1263 845 1351 Patrisque
880 1261 1232 1331 Possevini
1277 1262 1700 1330 sedulitatem
1735 1261 1976 1352 gratis-

377 1407 382 1412 ·
479 1379 724 1444 simam
757 1379 880 1446 sibi
918 1379 1267 1464 accidisse,
1299 1377 1464 1446 dixit
1492 1401 1559 1446 se
1589 1395 1739 1446 tum
1766 1378 1978 1468 ipsius

484 1496 830 1563 Pontificis
870 1509 925 1549 4⁴
995 1514 1143 1564 tum
1203 1479 1477 1562 Rodulfi
1542 1495 1981 1585 Imperatoris

484 1611 731 1678 litteras
793 1611 1143 1701 diligenter
1201 1610 1436 1703 legisse
1482 1609 1570 1695 4⁵,
1653 1629 1855 1700 atque
1888 1612 1983 1680 ad

480 1729 745 1817 singula
791 1729 1010 1818 capita
1049 1752 1119 1796 se
1182 1751 1298 1818 per
1350 1752 1508 1796 suos
1559 1727 1984 1797 consiliarios

487 1841 803 1930 (singulos
873 1843 1265 1930 nominanS‚
1344 1844 1683 1933 digitoque
1755 1842 1984 1933 desig-

486 1947 680 2050 nans)
715 1983 1226 2049 responsurum.
1259 1960 1426 2027 Inde
1451 1960 1532 2026 P.
1569 1959 1987 2029 Possevinus

485 2095 641 2143 cum
691 2077 1088 2146 consiliariis
1142 2076 1392 2144 Basilio
1449 2074 1757 2166 Gregorii
1816 2074 1987 2162 filio,
2136 2127 2155 2166 5

494 2195 812 2265 Romano
872 2192 1220 2260 Michaelis
1277 2191 1440 2276 filio,
1503 2191 1781 2259 Andrea
1827 2187 1989 2259 Sol-

486 2316 781 2398 chanon‚
832 2310 1053 2400 Regni
1100 2307 1547 2392 Cancellario‚
1598 2306 1990 2396 Epiphania

489 2429 806 2501 Damiani
857 2427 1054 2511 Filio,
1108 2425 1373 2493 ,Ioanne
1427 2421 1777 2513 Stresgnof
1801 2421 1865 2475 4⁶
1920 2425 1994 2492 in

487 2551 981 2639 hypocaustum
1014 2541 1281 2609 secedit.
1330 2539 1433 2608 Ibi
1481 2540 1807 2608 horarum
1854 2538 1987 2607 cir·
2030 2615 2037 2620 ,

488 2666 648 2733 citer
689 2664 984 2755 quinque
1037 2659 1259 2750 spatio
1313 2682 1415 2726 res
1466 2681 1506 2726 a
1540 2657 1996 2745 Consiliarii8‚
2131 2681 2151 2756 1

494 2781 829 2868 Patreque
871 2776 1240 2846 Possevino
1273 2775 1621 2865 diligenter
1664 2793 1818 2843 acta
1860 2789 2000 2857 est,

496 2912 560 2962 et
587 2896 674 2964 ad
705 2894 966 2984 singula
991 2906 1299 2959 accurate
1341 2910 1744 2980 responsum
1782 2913 1797 2957 :
1836 2888 2005 2956 reli·
2064 2961 2069 2965 ,

498 3032 635 3099 qua
683 3011 752 3077 in
793 3011 968 3075 diem
1015 3024 1171 3074 ante
1215 3006 1386 3096 prid.
1436 3007 1621 3074 Non.
1678 3002 2007 3094 Septem-
