2192 3392
943 265 1266 325 ..40-

362 474 519 542 dem
544 474 1065 566 digrederentur.
1102 479 1237 550 Hic
1265 480 1611 578 Princeps
1651 516 1885 568 assur-

284 638 291 643 ·
363 614 551 682 gens,
582 591 943 682 ceterisque
966 613 1039 663 ut
1062 595 1245 665 idem
1274 598 1611 694 facerent,
1645 609 1880 705 impe-

363 730 544 787 rans,
598 709 883 795 Antoni,
948 712 1192 802 inquit,
1253 714 1343 781 ad
1422 716 1879 812 Stephanum

371 827 628 917 Regem
658 823 809 911 ibis,
843 848 1134 917 eumque
1173 850 1328 897 meo
1366 836 1654 908 nomine
1689 848 1879 916 salu-

369 942 567 1029 tabiS,
598 965 965 1034 pacemque
1002 965 1079 1011 ex
1129 945 1457 1016 mandato
1508 950 1876 1033 Pontificis

366 1059 647 1130 Maximi
701 1061 1058 1148 tractabis3
1106 1080 1283 1149 tum,
1338 1065 1682 1159 quidquid
1755 1078 1874 1147 de-

372 1200 559 1247 mum
589 1178 966 1269 perfeceriS,
998 1178 1083 1245 ad
1131 1200 1256 1246 nos
1289 1198 1650 1273 revertere,
1687 1214 1870 1262 sem-

370 1321 488 1389 per
531 1296 707 1365 enim
755 1314 872 1367 tua
905 1295 1101 1365 nobis
1139 1298 1518 1385 praesentia
1555 1300 1869 1388 jucunda

372 1415 520 1501 erit,
537 1432 683 1483 tum
710 1431 983 1506 propter
1012 1410 1413 1482 Pontificem
1436 1415 1864 1513 Maximum,

371 1549 518 1601 tum
572 1537 840 1623 propter
886 1548 1073 1599 tuam
1132 1527 1400 1597 fidelem
1452 1554 1743 1624 operam
1793 1542 1864 1613 in

371 1652 496 1719 hac
525 1670 761 1719 caussa
790 1665 1155 1733 navatam,
1203 1645 1360 1716 inde
1390 1645 1479 1714 ad
1518 1644 1864 1725 Sacerdo-

374 1777 539 1856 tem,
561 1767 678 1859 qui
715 1769 987 1861 Roman
1016 1763 1409 1834 mittebatur
1429 1785 1804 1841 conversus
1841 1798 1858 1843 ε

374 1886 514 1972 Tu,
565 1887 808 1977 inquit,
863 1887 949 1954 ad
999 1881 1398 1953 Pontificem
1467 1882 1861 1960 Maximum

373 2005 832 2095 proficisceriS,
859 2024 1152 2094 eumque
1184 2023 1338 2070 meo
1381 1998 1686 2092 similiter
1727 2026 1861 2074 no-

376 2124 557 2193 mine
626 2122 947 2193 salutabis
1002 2139 1067 2190 et
1133 2139 1414 2187 munera
1463 2117 1861 2213 litterasque

376 2238 634 2309 reddes,
691 2239 947 2309 Eadem
1003 2239 1303 2306 ,Ioannes
1381 2233 1555 2301 filius
1630 2239 1859 2309 verbis

376 2356 611 2428 iisdem
693 2360 967 2452 peregit.
1042 2357 1157 2426 Ad
1239 2374 1615 2427 extremum
1701 2358 1860 2431 Dux

379 2460 660 2547 alterum
713 2479 1156 2563 sacerdotem,
1217 2474 1444 2567 quiin
1500 2472 1856 2547 Moscovia

377 2594 794 2684 remanebat,
834 2598 921 2665 ad
960 2620 1028 2665 se
1065 2614 1288 2683 vocat,
1327 2614 1399 2665 tu
1439 2593 1570 2679 hic,
1610 2592 1857 2685 inquit,

380 2728 644 2782 mecum
682 2712 809 2782 eris
832 2714 898 2783 in
938 2714 1316 2803 Moscovia,
1356 2725 1688 2803 caputque
1725 2712 1856 2784 ho-

378 2823 579 2893 minis
642 2828 1056 2915 demulcens,
1114 2829 1202 2898 ad
1258 2831 1343 2899 P.
1401 2826 1856 2899 Possevinum·

381 2934 543 3004 dixit
605 2964 621 3007 :
670 2942 861 3010 Bono
926 2941 1156 3011 animo
1219 2944 1336 3031 εἰς,
1402 2941 1685 3028 Antoni,
1747 2944 1858 3016 hic
