2192 3392
6 393 31 486 -a
6 291 17 364 ...Ἴ
6 243 35 266 3

6 1417 27 1538 ’·“ϋ-

6 2797 35 2974 »vl
8 2669 11 2702 —

857 368 1175 469 ..gg—'‘-

266 630 495 726 horiS‚⁴
548 652 715 728 quot
775 637 1161 706 convivium
1238 638 1534 725 duravit,
1613 640 1769 729 plus

267 753 571 845 sexagies
625 770 1081 822 assurrectum
1129 771 1253 821 est.
1311 752 1456 823 Sub
1499 755 1764 844 prandii

266 871 505 956 finem,
535 871 716 956 Dux,
743 871 919 939 facto
970 870 1259 958 silentio,
1290 869 1759 961 gravissimam

264 985 645 1054 orationem
704 985 1040 1076 ingressus
1086 988 1169 1054 de
1223 988 1558 1075 majorum
1597 1009 1756 1055 suo-

262 1122 421 1169 rum
457 1122 614 1169 cum
656 1100 976 1169 Romano
1010 1100 1340 1169 Pontifice
1386 1101 1652 1171 foedere
1692 1120 1784 1181 et,

262 1216 587 1303 amicitia,
627 1216 967 1306 professus
1002 1235 1103 1285 est
1139 1218 1332 1285 illum
1377 1220 1750 1307 generalem

260 1356 404 1403 esse
429 1323 850 1403 Christianae
888 1333 1324 1423 Reipublicae
1365 1333 1752 1422 Pastorem,

258 1448 645 1539 Christique
697 1450 1055 1537 vicarium,
1097 1451 1264 1518 velle
1315 1450 1598 1539 proinde
1653 1472 1751 1536 se,

259 1587 554 1655 suosque
580 1566 647 1634 in
685 1566 826 1654 ejus
853 1582 1179 1657 potestate
1208 1588 1286 1634 ac
1322 1566 1455 1635 fide
1479 1588 1749 1656 perma-

260 1705 442 1752 nere.
506 1681 704 1770 Quae
752 1681 995 1767 orati0‚
1057 1681 1206 1750 licet
1260 1703 1396 1749 non
1453 1703 1533 1750 ex
1591 1705 1750 1751 vero

256 1797 469 1866 animi
500 1819 701 1866 sensu
729 1796 1051 1887 profecta,
1096 1797 1215 1865 sed
1246 1797 1578 1886 praesenti
1625 1820 1744 1867 ne-

256 1915 565 1985 cessitate
617 1938 928 2005 expressa
992 1932 1190 2002 esset,
1260 1933 1334 1983 ut
1379 1916 1470 1983 rei
1530 1914 1745 2014 exitus

254 2031 603 2118 indicavit,
657 2031 1027 2122 plurimum
1091 2048 1320 2100 tamen
1386 2032 1599 2099 valuit
1653 2033 1740 2101 ad

252 2148 603 2217 Pontificis
650 2146 937 2216 Maximi
995 2147 1553 2216 existimationem
1614 2170 1740 2238 po-

251 2263 434 2355 pulis
488 2262 1005 2332 conciliandam.
1066 2264 1352 2332 Peracto
1401 2262 1737 2350 convivio,

250 2381 468 2471 (quod
532 2380 957 2471 superiorum
1012 2379 1325 2449 omnium
1403 2380 1738 2470 amplissi-

249 2520 446 2567 mum
472 2496 674 2565 fuisse
709 2496 924 2565 Mosci
970 2494 1456 2586 affirmabant),
1506 2498 1744 2567 Nostri

246 2614 488 2682 eadem
518 2612 890 2701 frequentia
938 2612 1226 2681 domum
1263 2612 1516 2683 reducti
1555 2632 1734 2683 sunt.

242 2728 587 2796 Triduum
615 2728 770 2797 inde
802 2726 869 2795 in
917 2728 1255 2797 vertendis
1300 2728 1369 2795 in
1417 2729 1740 2799 Rutheni·

242 2858 409 2912 cum·
428 2862 813 2912 sermonem
846 2844 1192 2912 Pontificis
1229 2844 1510 2913 Maximi
1537 2866 1735 2914 man-

239 2961 415 3030 datis
442 2978 925 3051 consumptum
964 2980 1086 3031 est.
1124 2962 1258 3031 Per
1286 2984 1497 3051 quam
1532 2984 1728 3032 occa·

238 3081 496 3149 sionem
521 3078 857 3167 quaedam
878 3076 945 3145 in
966 3099 1045 3146 ea
1064 3093 1404 3167 praeterea
1425 3075 1725 3164 conjecta
