2192 3392
1469 302 1803 315 *m*

902 374 978 388 ....
1032 345 1102 405 13
1149 376 1227 388 ..-

319 572 499 643 tibus
546 571 814 658 ornati,
870 572 1151 642 obviam
1198 574 1394 664 longe
1435 562 1805 659 xvenerunt.,

321 688 492 757 inter
568 710 745 778 quos
814 686 1186 777 principem
1247 687 1472 756 locum
1539 688 1810 757 tenebat

324 800 779 872 Smolentiani
812 802 1107 870 Palatini
1151 804 1326 871 filius
1367 815 1451 871 27.
1486 803 1580 889 Is,
1614 824 1688 873 ut
1721 805 1803 873 P.

327 919 781 990 Possevinum
816 919 902 987 ad
936 939 1191 1009 equum
1221 920 1808 989 conscendendum

226 1024 235 1032 ’
322 1033 657 1119 invitavit,
687 1034 1011 1102 continuo
1048 1034 1109 1102 ei
1156 1034 1452 1125 parentis
1483 1037 1807 1106 mandata
1901 1036 1906 1043 ’

319 1151 631 1241 exposuit
688 1176 703 1219 ε
763 1152 1133 1242 ignosceret
1183 1152 1338 1237 sibi,
1399 1152 1582 1241 quod
1628 1152 1805 1242 ipse-

321 1282 461 1334 met
506 1264 784 1365 obviam
821 1264 915 1332 illi
970 1286 1108 1334 non
1163 1268 1546 1357 prodiisset,
1587 1291 1806 1358 neque

322 1383 505 1451 enim
543 1382 793 1471 pedem
820 1404 899 1449 ex
947 1404 1097 1452 arce
1151 1362 1344 1453 licere
1373 1384 1628 1470 efferre,
1659 1401 1807 1454 tum

324 1497 410 1567 de
440 1482 752 1588 Gregorii
782 1498 966 1568 XIII
1006 1500 1417 1587 valetudine,
1449 1501 1665 1590 deque
1697 1502 1806 1569 iti-

324 1634 512 1699 nere,
560 1630 637 1681 ut
682 1613 1039 1683 incolumis
1074 1614 1463 1704 equitasset‚
1521 1614 1808 1707 sciscita-

308 1746 435 1799 tus
462 1745 589 1817 est,
629 1730 903 1799 tandem
946 1731 1139 1799 illum
1186 1730 1255 1800 in
1294 1752 1495 1799 suum
1534 1730 1806 1799 comita-

324 1864 475 1921 tum
504 1868 855 1939 acceptum
882 1848 951 1917 in
995 1848 1265 1934 urbem,
1303 1864 1506 1937 atque
1537 1847 1709 1915 adeo
1737 1846 1806 1915 in

326 1984 554 2063 arcem
580 1964 977 2051 introduxit,
1018 1966 1086 2033 in
1125 1985 1336 2054 quam
1377 1962 1626 2031 nemini
1659 1964 1806 2033 adi-

323 2098 437 2153 tus
484 2104 628 2152 esse
678 2083 873 2167 solet,
921 2104 1006 2150 ne
1042 2080 1355 2151 Caesaris
1396 2080 1670 2169 quidem
1710 2081 1806 2150 le·

322 2215 509 2291 gat0,
558 2198 676 2288 qui
713 2216 942 2267 tamen
982 2196 1202 2273 Mosei
1254 2196 1635 2263 foederatus
1663 2214 1798 2284 est3

326 2312 799 2404 interpretibus
831 2323 1059 2379 autem
1107 2326 1289 2379 extra
1322 2330 1544 2377 arcem
1577 2310 1806 2401 hospi-

326 2432 499 2501 tium
542 2429 779 2497 datum
810 2444 936 2514 est,
969 2449 1127 2495 cum
1164 2426 1346 2495 enim
1399 2426 1442 2494 ii
1490 2426 1808 2495 Lithuani

325 2562 593 2633 essent,
636 2544 1022 2634 Moscisque
1076 2542 1409 2634 suspecti,
1472 2542 1538 2611 in
1587 2565 1845 2636 arcem*

325 2662 609 2731 omnino
638 2678 990 2752 penetrare
1016 2662 1375 2728 noluerunt
1403 2658 1485 2725 ²8.
1527 2659 1647 2727 Est
1685 2681 1809 2727 au-

242 2758 245 2760 *
326 2797 463 2847 tem
541 2775 993 2847 Smolentium
1047 2774 1280 2845 civitas
1329 2797 1528 2865 super
1582 2774 1809 2842 Boris—

329 2893 597 2961 thenem
630 2891 914 2960 fluvium
941 2889 1095 2975 sita,
1124 2906 1316 2959 vasta
1355 2888 1466 2957 illa
1503 2889 1808 2981 quidem,

325 3008 445 3081 sed
474 3008 643 3080 raris
665 3005 1051 3093 domiciliis,
1074 3005 1288 3095 iisque
1317 3004 1578 3093 lignei5‚
1607 3020 1808 3095 ponte
