2192 3392
438 513 748 583 convivia
779 515 1056 603 cultros,
1089 532 1206 585 aut
1233 515 1557 606 furculas,
1582 539 1699 592 aut
1732 544 1927 592 man-

437 629 574 699 tilia
605 630 922 700 manibus
951 632 1283 723 tergendis
1310 633 1659 705 adhibent.
1683 636 1923 707 Victus

440 767 683 837 parcus
721 764 785 816 et
825 748 1170 839 parabilis,
1198 749 1637 840 ejusdemque
1680 775 1923 844 perpe-

443 878 561 929 tuo
619 861 866 930 tenoris
923 885 942 931 2
997 879 1351 954 propterea
1414 864 1599 954 quod
1650 887 1789 934 non
1842 890 1924 936 eo

442 976 836 1046 insatiabilis
865 977 1030 1046 haec
1059 977 1353 1048 luxuries
1385 980 1676 1070 pervasit
1722 1004 1925 1074 sapo-

443 1115 594 1163 rum
641 1110 704 1161 et
741 1094 1328 1187 condimentorum
1378 1095 1658 1187 singulis
1702 1101 1927 1168 convi-

349 1249 358 1257 ·
444 1211 567 1280 viis
661 1209 1149 1300 multiplicandi
1219 1209 1635 1279 varietatem.
1708 1213 1926 1283 Mosci

445 1325 625 1396 enim
674 1348 829 1395 cum
863 1325 1213 1394 stomacho
1261 1326 1483 1395 valido
1518 1326 1680 1415 sint,
1717 1329 1930 1399 duros

448 1441 582 1512 fere
671 1440 858 1509 cibos
936 1457 1197 1527 amant,
1263 1440 1415 1510 ideo
1516 1441 1931 1512 semicrudas

449 1559 653 1630 etiam
711 1577 946 1626 carnes
987 1571 1265 1637 vorant;
1300 1575 1378 1623 ac
1415 1576 1691 1645 caepae,
1736 1556 1929 1624 bras-

450 1678 759 1765 sicaeque
803 1673 1168 1765 praecipuo
1220 1690 1376 1741 sunt
1418 1672 1603 1763 apud
1640 1671 1823 1762 ipsos
1864 1670 1933 1739 in

453 1794 705 1861 honore
733 1811 1151 1860 mensarum.
1188 1791 1268 1858 In
1294 1813 1374 1858 eo
1405 1812 1567 1858 sane
1595 1787 1932 1874 conviviO,

450 1932 587 2000 quo
641 1931 680 1976 a
751 1908 934 1998 Rege
995 1907 1086 1974 P.
1149 1906 1561 1976 Possevinus
1616 1920 1938 1993 exceptus

453 2042 578 2112 est,
616 2024 932 2115 quodque
961 2021 1274 2091 omnium
1299 2017 1938 2113 'splendidissimum

452 2140 658 2208 fuisse
708 2138 974 2230 ipsimet
1035 2137 1253 2206 Mosei
1309 2137 1770 2223 testabantur,
1814 2134 1939 2203 tri-

453 2257 637 2346 ginta
679 2255 922 2324 missus
960 2271 1450 2345 apparuerunt,
1482 2253 1658 2342 iique
1706 2252 1943 2320 structi

453 2370 664 2461 epulis
694 2392 830 2438 non
871 2369 1426 2459 exquisitissimis.
1482 2367 1691 2436 Panis
1733 2367 1944 2457 vulgo

455 2509 536 2554 ex
557 2487 771 2554 tritico
812 2503 930 2554 aut
969 2485 1224 2575 siligine
1253 2483 1625 2572 conficitur,
1649 2481 1947 2552 candore

457 2601 722 2671 eximio,
755 2603 1052 2671 Pistores
1082 2602 1345 2692 publice
1371 2600 1536 2669 nulli
1566 2616 1768 2684 sunt3
1802 2597 1948 2665 sin-

457 2721 593 2809 guli
624 2742 834 2808 aeque
866 2720 1040 2788 cives
1071 2737 1271 2808 atque
1307 2716 1530 2787 rustici
1570 2713 1755 2783 domi
1785 2713 1951 2803 pin-

459 2850 651 2919 sum,
715 2857 1094 2924 panemque
1158 2835 1464 2917 faciunt3
1522 2852 1818 2924 *eumque
1874 2831 1951 2898 in

461 2947 698 3016 iisdem
719 2949 933 3017 furnis
959 2965 1285 3039 coquunt,
1306 2948 1551 3038 quibus
1570 2946 1958 3036 hypocaus-
