2192 3392
1005 315 1331 375 ...18—

429 559 646 612 servet
681 540 1117 610 incolumem.
1150 542 1366 612 Mosei
1395 543 1575 613 enim
1611 546 1678 615 in
1723 547 1909 615 omni

426 662 563 729 fere
632 656 1030 727 salutatione
1076 657 1314 726 iisdem
1369 660 1908 752 interrogationi-

424 776 553 845 bus
607 771 1284 864 responsionibusque
1339 774 1433 841 uti
1471 797 1900 847 consuevere.

337 932 344 939 ·
423 890 794 979 Vutorojus
826 886 885 933 ³3
969 889 1252 976 eadem,
1320 891 1544 960 verbis
1610 892 1848 961 iisdem
1885 946 1906 979 ‚

423 1008 799 1097 eademque
834 1004 1188 1073 titulorum
1212 1009 1719 1076 enumeratione
1739 1008 1904 1076 scis-

421 1123 703 1209 citatu8‚
734 1120 993 1189 addidit
1037 1145 1052 1189 ε
1103 1137 1167 1189 et
1216 1122 1513 1211 Magnus
1569 1123 1906 1193 Dominus

421 1255 645 1308 noster
673 1238 738 1306 in
767 1255 830 1306 te
858 1236 1032 1326 ips0‚
1056 1234 1389 1327 Gregorio
1415 1238 1634 1327 ΧῙΙΙ,
1666 1241 1904 1333 Papae

421 1357 744 1424 Romano
783 1352 1224 1422 reverentiam
1269 1357 1904 1443 praestat..Tertius

417 1470 656 1541 Simon
733 1470 1052 1539 eumdem
1131 1468 1497 1539 verborum
1568 1472 1901 1543 honorem
1957 1548 1960 1555 ,

412 1587 778 1680 praefatus,
846 1587 1193 1677 Magum,
1242 1585 1483 1675 inquit,
1560 1586 1900 1657 Dominus

414 1723 641 1780 noster
691 1706 1034 1774 Pristavos
1080 1702 1264 1771 misit
1303 1702 1632 1793 (singulos
1674 1706 1897 1773 nomi-

413 1820 555 1912 nat)
584 1838 657 1889 ut
678 1820 834 1907 tibi,
865 1821 1127 1911 tuisque
1165 1819 1540 1894 necessaria
1579 1820 1900 1910 suppedi-

412 1938 725 2033 ditemuS.
759 1938 940 2006 Tum
984 1959 1021 2006 e
1058 1934 1278 2027 prima
1316 1932 1665 2003 nobilitate
1702 1935 1807 2003 vir
1837 1933 1899 1989 34

411 2072 663 2141 equum
693 2030 964 2143 nig⁶rum
992 2049 1322 2140 argenteis
1358 2049 1652 2140 phaleris
1687 2072 1894 2119 orna·

410 2184 557 2237 tum
596 2166 683 2234 ad
718 2168 797 2236 P.
835 2165 1284 2235 Possevinum
1337 2145 1710 2251 adducens,
1740 2167 1893 2234 An·

408 2280 578 2368 toni,
635 2282 875 2373 inquit,
930 2281 1228 2372 Magnus
1283 2280 1619 2349 Dominus
1658 2301 1895 2353 noster

407 2422 605 2469 suam
694 2401 817 2470 tibi
898 2399 1434 2469 benevolentiam
1514 2400 1643 2468 hoc
1713 2420 1892 2489 equo

404 2516 699 2585 declarat
728 2517 916 2605 (haec
933 2532 1033 2584 est
1047 2498 1228 2584 enim
1248 2516 1540 2586 formula
1561 2515 1629 2584 in
1655 2538 1892 2584 mune-

404 2631 591 2701 ribus
621 2630 1025 2720 Principis):,
1067 2643 1274 2720 quem
1303 2654 1557 2723 equum
1598 2630 1680 2699 P.
1719 2630 1893 2699 Pos-

403 2748 670 2816 sevinus
714 2747 865 2817 ideo
925 2746 1209 2837 accepit,
1267 2770 1351 2817 ne
1405 2748 1461 2816 si
1525 2745 1888 2837 reiecisset,

407 2862 753 2954 Principis·
786 2863 1053 2931 animus
1105 2846 1597 2931 offenderetur(
1646 2862 1888 2953 Itaque

304 3048 306 3053 .
402 2977 690 3067 pannosi
768 2978 1066 3070 quinque
1154 2970 1530 3046 Societatis⁸
1575 2978 1890 3049 homines

270 3133 399 3169 ,ι
