2192 3392
885 398 896 403 ,
998 352 1072 363 -
1118 319 1200 380 86
1246 352 1320 365 ..-

419 546 736 638 mysteria
763 564 1198 639 peraguntur.
1233 547 1415 616 Inter
1443 546 1684 635 januas
1713 546 1895 635 quod

420 680 519 730 est
554 662 778 753 spatii,
816 680 1030 732 toturn
1063 663 1130 732 id
1168 662 1426 731 tabellis
1464 662 1655 753 pictis
1684 660 1895 732 Sanc-

418 796 643 847 torum
700 778 1129 846 convestitur.
1187 778 1434 847 Nullae
1489 778 1558 845 in
1626 778 1897 867 templis

418 894 776 979 exhedrae,
834 895 1017 962 nulla
1067 916 1325 984 organa
1376 912 1592 980 sunt,
1645 915 1894 983 pueros

418 1028 643 1078 tamen
704 1010 953 1078 habent
1000 1008 1550 1101 symphoniacOS,
1600 1010 1716 1099 qui
1754 1031 1901 1077 mo-

417 1125 665 1193 dulatis
698 1126 979 1195 vocibus
1028 1126 1197 1193 inter
1239 1147 1432 1194 sacra
1477 1124 1894 1211 concinunt,

420 1240 631 1310 clerici
656 1264 813 1310 vero
836 1259 1164 1332 perpetuo
1195 1259 1472 1327 stanteS,
1503 1241 1895 1310 alternanti-

420 1357 545 1426 bus
565 1356 755 1447 quasi
776 1356 1019 1443 choriS,
1038 1378 1266 1447 preces
1283 1357 1582 1426 recitant.
1606 1357 1897 1452 Templa

416 1472 858 1563 ingredientes
904 1469 1121 1541 Mosei
1168 1494 1386 1564 genua
1430 1494 1568 1540 non
1610 1472 1896 1542 submit-

418 1605 592 1676 tunt,
654 1589 770 1656 sed
833 1606 1069 1679 caput,
1146 1588 1599 1677 humerosque
1672 1588 1896 1656 inflec-

419 1721 595 1790 tunt,
636 1727 837 1794 seque
884 1704 1075 1794 signo
1122 1703 1335 1772 crucis
1367 1703 1744 1793 frequenter
1784 1725 1897 1771 ex-

417 1820 633 1911 piant.
661 1822 869 1909 Aqua
892 1818 1245 1888 benedicta
1276 1819 1345 1887 in
1378 1819 1608 1909 templi
1637 1817 1898 1887 foribus

416 1958 553 2005 non
581 1936 1002 2022 adservatur,
1046 1958 1200 2005 eam
1243 1951 1471 2003 tamen
1519 1934 1722 2002 veluti
1764 1934 1895 2002 vir-

417 2052 575 2121 tutis
618 2068 926 2142 expertae
975 2050 1352 2120 remedium
1402 2049 1688 2140 aegrotis
1735 2050 1898 2118 dant

417 2168 808 2239 bibendam.
842 2169 1032 2237 Haec
1055 2185 1240 2253 sunt,
1265 2169 1501 2235 Patres
1527 2166 1898 2256 fratresque
1995 2164 1998 2167 ’

419 2283 743 2352 carissimi
775 2283 860 2370 78,
886 2307 1059 2374 quae
1081 2285 1165 2352 de
1184 2284 1579 2369 Moscorum
1600 2282 1897 2351 moribus

420 2400 733 2470 addenda
770 2399 897 2468 hoc
935 2401 1083 2468 loco
1125 2397 1524 2483 existimavi,
1564 2414 1638 2467 ut
1670 2398 1895 2467 videa-

419 2507 503 2576 tis
548 2524 811 2598 praeter
866 2505 1132 2575 Summi
1181 2504 1529 2574 Pontificis
1577 2504 1896 2573 obedien-

418 2622 608 2707 tiam,
656 2644 864 2712 quam
909 2643 1129 2712 pauca
1185 2620 1679 2709 desiderentur,
1727 2643 1896 2710 quo-

419 2736 646 2805 minus
678 2738 723 2803 ii
750 2737 981 2827 populi
1013 2735 1343 2805 Catholici
1388 2735 1559 2823 sint,
1591 2752 1793 2825 atque
1821 2759 1898 2805 eo

420 2837 677 2919 enixius
706 2872 829 2940 pro
869 2851 951 2916 iis
985 2850 1205 2917 Deum
1247 2851 1724 2941 deprecemini,
1763 2876 1898 2943 quo

424 2963 676 3049 majore
722 2963 1146 3030 miseratione
1222 2964 1402 3053 digni
1461 2985 1620 3036 sunt
1675 2968 1750 3055 ii,
1813 2969 1899 3037 ad
