<?xml version="1.0" encoding="UTF-8"?>
<!DOCTYPE html PUBLIC "-//W3C//DTD XHTML 1.0 Transitional//EN"
    "http://www.w3.org/TR/xhtml1/DTD/xhtml1-transitional.dtd">
<html xmlns="http://www.w3.org/1999/xhtml" xml:lang="en" lang="en">
 <head>
  <title>
</title>
<meta http-equiv="Content-Type" content="text/html;charset=utf-8" />
  <meta name='ocr-system' content='tesseract 3.04.00' />
  <meta name='ocr-capabilities' content='ocr_page ocr_carea ocr_par ocr_line ocrx_word'/>
</head>
<body>
  <div class='ocr_page' id='page_1' title='image "antoniipossevin00gallgoog_0052.png"; bbox 0 0 2192 3392; ppageno 0'>
   <div class='ocr_carea' id='block_1_1' title="bbox 870 242 1194 323">
    <p class='ocr_par' dir='ltr' id='par_1_1' title="bbox 870 242 1194 323">
     <span class='ocr_line' id='line_1_1' title="bbox 870 242 1194 323; baseline 0.003 -37"><span class='ocrx_word' id='word_1_1' title='bbox 870 242 1194 323; x_wconf 85' lang='lat'>...37...</span> 
     </span>
    </p>
   </div>
   <div class='ocr_carea' id='block_1_2' title="bbox 1134 358 1441 366">
    <p class='ocr_par' dir='ltr' id='par_1_2' title="bbox 1134 358 1441 366">
     <span class='ocr_line' id='line_1_2' title="bbox 1134 358 1441 366; baseline 0 0"><span class='ocrx_word' id='word_1_2' title='bbox 1134 358 1441 366; x_wconf 95' lang='lat' dir='ltr'> </span> 
     </span>
    </p>
   </div>
   <div class='ocr_carea' id='block_1_3' title="bbox 265 462 1874 1356">
    <p class='ocr_par' dir='ltr' id='par_1_3' title="bbox 265 462 1874 1356">
     <span class='ocr_line' id='line_1_3' title="bbox 272 462 1874 564; baseline -0.002 -18"><span class='ocrx_word' id='word_1_3' title='bbox 272 478 339 546; x_wconf 92' lang='lat' dir='ltr'>in</span> <span class='ocrx_word' id='word_1_4' title='bbox 365 476 695 546; x_wconf 88' lang='lat' dir='ltr'>interiore</span> <span class='ocrx_word' id='word_1_5' title='bbox 729 496 937 564; x_wconf 85' lang='lat' dir='ltr'>regno</span> <span class='ocrx_word' id='word_1_6' title='bbox 962 475 1089 544; x_wconf 84' lang='lat' dir='ltr'>sita</span> <span class='ocrx_word' id='word_1_7' title='bbox 1109 490 1209 543; x_wconf 90' lang='lat' dir='ltr'>est</span> <span class='ocrx_word' id='word_1_8' title='bbox 1237 473 1705 557; x_wconf 83' lang='lat' dir='ltr'>munitissima)</span> <span class='ocrx_word' id='word_1_9' title='bbox 1731 496 1772 543; x_wconf 91' lang='lat' dir='ltr'>a</span> <span class='ocrx_word' id='word_1_10' title='bbox 1869 462 1874 467; x_wconf 61' lang='grc'><em>’</em></span> 
     </span>
     <span class='ocr_line' id='line_1_4' title="bbox 274 588 1771 681; baseline -0.002 -22"><span class='ocrx_word' id='word_1_11' title='bbox 274 591 611 661; x_wconf 88' lang='lat' dir='ltr'>Poloniae</span> <span class='ocrx_word' id='word_1_12' title='bbox 632 612 786 681; x_wconf 86' lang='lat' dir='ltr'>rege</span> <span class='ocrx_word' id='word_1_13' title='bbox 815 588 1394 658; x_wconf 89' lang='lat' dir='ltr'>vehementissime</span> <span class='ocrx_word' id='word_1_14' title='bbox 1423 608 1771 679; x_wconf 86' lang='lat' dir='ltr'>oppugna-</span> 
     </span>
     <span class='ocr_line' id='line_1_5' title="bbox 270 704 1771 795; baseline -0.002 -18"><span class='ocrx_word' id='word_1_15' title='bbox 270 726 489 792; x_wconf 82' lang='lat' dir='ltr'><strong>retur,</strong></span> <span class='ocrx_word' id='word_1_16' title='bbox 561 706 719 774; x_wconf 84' lang='lat' dir='ltr'>Dux</span> <span class='ocrx_word' id='word_1_17' title='bbox 754 705 837 773; x_wconf 91' lang='lat' dir='ltr'>P.</span> <span class='ocrx_word' id='word_1_18' title='bbox 881 704 1328 773; x_wconf 88' lang='lat' dir='ltr'>Possevinum</span> <span class='ocrx_word' id='word_1_19' title='bbox 1357 704 1663 795; x_wconf 83' lang='lat' dir='ltr'>urgebat,</span> <span class='ocrx_word' id='word_1_20' title='bbox 1696 722 1771 775; x_wconf 91' lang='lat' dir='ltr'>ut</span> 
     </span>
     <span class='ocr_line' id='line_1_6' title="bbox 271 818 1765 891; baseline -0.003 1"><span class='ocrx_word' id='word_1_21' title='bbox 271 823 480 891; x_wconf 88' lang='lat' dir='ltr'>salvis</span> <span class='ocrx_word' id='word_1_22' title='bbox 529 820 755 889; x_wconf 89' lang='lat' dir='ltr'>adhuc</span> <span class='ocrx_word' id='word_1_23' title='bbox 801 820 1003 888; x_wconf 88' lang='lat' dir='ltr'>rebus</span> <span class='ocrx_word' id='word_1_24' title='bbox 1044 818 1620 888; x_wconf 73' lang='lat' dir='ltr'>Plescoviensibus</span> <span class='ocrx_word' id='word_1_25' title='bbox 1678 820 1765 888; x_wconf 90' lang='lat' dir='ltr'>ad</span> 
     </span>
     <span class='ocr_line' id='line_1_7' title="bbox 276 936 1768 1027; baseline 0 -20"><span class='ocrx_word' id='word_1_26' title='bbox 276 938 610 1007; x_wconf 89' lang='lat' dir='ltr'>Poloniae</span> <span class='ocrx_word' id='word_1_27' title='bbox 654 936 915 1027; x_wconf 88' lang='lat' dir='ltr'>Regem</span> <span class='ocrx_word' id='word_1_28' title='bbox 971 953 1348 1006; x_wconf 83' lang='lat' dir='ltr'>excurreret</span> <span class='ocrx_word' id='word_1_29' title='bbox 1398 957 1768 1027; x_wconf 88' lang='lat' dir='ltr'>pacemque</span> 
     </span>
     <span class='ocr_line' id='line_1_8' title="bbox 269 1054 1766 1145; baseline 0 -22"><span class='ocrx_word' id='word_1_30' title='bbox 269 1069 736 1145; x_wconf 86' lang='lat' dir='ltr'>componeret.</span> <span class='ocrx_word' id='word_1_31' title='bbox 808 1054 1046 1140; x_wconf 87' lang='lat' dir='ltr'>Itaque</span> <span class='ocrx_word' id='word_1_32' title='bbox 1085 1069 1238 1138; x_wconf 64' lang='lat' dir='ltr'>tota,</span> <span class='ocrx_word' id='word_1_33' title='bbox 1279 1075 1384 1122; x_wconf 90' lang='lat' dir='ltr'>res</span> <span class='ocrx_word' id='word_1_34' title='bbox 1435 1075 1514 1122; x_wconf 85' lang='lat' dir='ltr'>ex</span> <span class='ocrx_word' id='word_1_35' title='bbox 1563 1054 1766 1123; x_wconf 90' lang='lat' dir='ltr'>Ducis</span> 
     </span>
     <span class='ocr_line' id='line_1_9' title="bbox 269 1168 1762 1256; baseline -0.001 -17"><span class='ocrx_word' id='word_1_36' title='bbox 269 1172 623 1239; x_wconf 88' lang='lat' dir='ltr'>voluntate</span> <span class='ocrx_word' id='word_1_37' title='bbox 678 1168 773 1236; x_wconf 89' lang='lat' dir='ltr'>sic</span> <span class='ocrx_word' id='word_1_38' title='bbox 802 1168 1017 1237; x_wconf 86' lang='lat' dir='ltr'>divisa</span> <span class='ocrx_word' id='word_1_39' title='bbox 1046 1186 1174 1256; x_wconf 85' lang='lat' dir='ltr'>est,</span> <span class='ocrx_word' id='word_1_40' title='bbox 1203 1186 1277 1239; x_wconf 92' lang='lat' dir='ltr'>ut</span> <span class='ocrx_word' id='word_1_41' title='bbox 1313 1191 1397 1238; x_wconf 82' lang='lat' dir='ltr'>ex</span> <span class='ocrx_word' id='word_1_42' title='bbox 1448 1170 1762 1238; x_wconf 87' lang='lat' dir='ltr'>sacerdo·</span> 
     </span>
     <span class='ocr_line' id='line_1_10' title="bbox 265 1284 1760 1356; baseline -0.001 0"><span class='ocrx_word' id='word_1_43' title='bbox 265 1286 451 1356; x_wconf 90' lang='lat' dir='ltr'>tibus</span> <span class='ocrx_word' id='word_1_44' title='bbox 483 1307 661 1353; x_wconf 91' lang='lat' dir='ltr'>unus</span> <span class='ocrx_word' id='word_1_45' title='bbox 705 1285 1003 1353; x_wconf 82' lang='lat' dir='ltr'>Romam</span> <span class='ocrx_word' id='word_1_46' title='bbox 1032 1284 1120 1353; x_wconf 91' lang='lat' dir='ltr'>ad</span> <span class='ocrx_word' id='word_1_47' title='bbox 1154 1284 1560 1355; x_wconf 89' lang='lat' dir='ltr'>Pontificem</span> <span class='ocrx_word' id='word_1_48' title='bbox 1601 1286 1760 1355; x_wconf 90' lang='lat' dir='ltr'>Ma-</span> 
     </span>
    </p>
   </div>
   <div class='ocr_carea' id='block_1_4' title="bbox 163 1400 1761 1491">
    <p class='ocr_par' dir='ltr' id='par_1_4' title="bbox 163 1400 1761 1491">
     <span class='ocr_line' id='line_1_11' title="bbox 163 1400 1761 1491; baseline -0.002 -19"><span class='ocrx_word' id='word_1_49' title='bbox 163 1414 173 1420; x_wconf 86' lang='grc'><em>“</em></span> <span class='ocrx_word' id='word_1_50' title='bbox 266 1405 527 1472; x_wconf 86' lang='lat' dir='ltr'>ximum</span> <span class='ocrx_word' id='word_1_51' title='bbox 604 1401 957 1470; x_wconf 85' lang='lat' dir='ltr'>veniret49.</span> <span class='ocrx_word' id='word_1_52' title='bbox 1008 1400 1158 1491; x_wconf 83' lang='lat' dir='ltr'>(qui</span> <span class='ocrx_word' id='word_1_53' title='bbox 1245 1419 1475 1472; x_wconf 88' lang='lat' dir='ltr'>tamen</span> <span class='ocrx_word' id='word_1_54' title='bbox 1543 1423 1761 1470; x_wconf 87' lang='lat' dir='ltr'>novae</span> 
     </span>
    </p>
   </div>
   <div class='ocr_carea' id='block_1_5' title="bbox 260 1516 1762 3005">
    <p class='ocr_par' dir='ltr' id='par_1_5' title="bbox 260 1516 1762 3005">
     <span class='ocr_line' id='line_1_12' title="bbox 271 1516 1761 1587; baseline -0.001 0"><span class='ocrx_word' id='word_1_55' title='bbox 271 1516 675 1587; x_wconf 89' lang='lat' dir='ltr'>Provinciae</span> <span class='ocrx_word' id='word_1_56' title='bbox 728 1516 1308 1587; x_wconf 82' lang='lat' dir='ltr'>administratione</span> <span class='ocrx_word' id='word_1_57' title='bbox 1359 1518 1427 1585; x_wconf 91' lang='lat' dir='ltr'>in</span> <span class='ocrx_word' id='word_1_58' title='bbox 1473 1518 1761 1586; x_wconf 90' lang='lat' dir='ltr'>Polonia</span> 
     </span>
     <span class='ocr_line' id='line_1_13' title="bbox 266 1619 1761 1722; baseline 0 -19"><span class='ocrx_word' id='word_1_59' title='bbox 266 1633 628 1703; x_wconf 88' lang='lat' dir='ltr'>subsistere</span> <span class='ocrx_word' id='word_1_60' title='bbox 691 1652 964 1703; x_wconf 91' lang='lat' dir='ltr'>coactus</span> <span class='ocrx_word' id='word_1_61' title='bbox 1007 1634 1158 1722; x_wconf 76' lang='lat' dir='ltr'>est),</span> <span class='ocrx_word' id='word_1_62' title='bbox 1212 1635 1295 1703; x_wconf 91' lang='lat' dir='ltr'>P.</span> <span class='ocrx_word' id='word_1_63' title='bbox 1353 1619 1761 1705; x_wconf 87' lang='lat' dir='ltr'>Possevinus</span> 
     </span>
     <span class='ocr_line' id='line_1_14' title="bbox 269 1751 1760 1843; baseline -0.001 -23"><span class='ocrx_word' id='word_1_64' title='bbox 269 1752 447 1820; x_wconf 87' lang='lat' dir='ltr'>ultro</span> <span class='ocrx_word' id='word_1_65' title='bbox 467 1751 770 1841; x_wconf 90' lang='lat' dir='ltr'>citroque</span> <span class='ocrx_word' id='word_1_66' title='bbox 785 1768 1108 1838; x_wconf 88' lang='lat' dir='ltr'>cursaret,</span> <span class='ocrx_word' id='word_1_67' title='bbox 1140 1752 1355 1821; x_wconf 92' lang='lat' dir='ltr'>donec</span> <span class='ocrx_word' id='word_1_68' title='bbox 1387 1772 1625 1843; x_wconf 83' lang='lat' dir='ltr'>pacem</span> <span class='ocrx_word' id='word_1_69' title='bbox 1657 1752 1760 1820; x_wconf 92' lang='lat' dir='ltr'>in-</span> 
     </span>
     <span class='ocr_line' id='line_1_15' title="bbox 264 1856 1762 1957; baseline 0 -21"><span class='ocrx_word' id='word_1_70' title='bbox 264 1884 365 1951; x_wconf 77' lang='lat' dir='ltr'>ter</span> <span class='ocrx_word' id='word_1_71' title='bbox 390 1866 1113 1957; x_wconf 86' lang='lat' dir='ltr'>Regesconstituisset.</span> <span class='ocrx_word' id='word_1_72' title='bbox 1150 1868 1343 1935; x_wconf 87' lang='lat' dir='ltr'>Alter</span> <span class='ocrx_word' id='word_1_73' title='bbox 1371 1869 1682 1936; x_wconf 86' lang='lat' dir='ltr'>sacerdos</span> <span class='ocrx_word' id='word_1_74' title='bbox 1705 1856 1762 1911; x_wconf 75' lang='lat'>⁵⁰</span> 
     </span>
     <span class='ocr_line' id='line_1_16' title="bbox 264 1980 1758 2073; baseline 0.001 -21"><span class='ocrx_word' id='word_1_75' title='bbox 264 2005 427 2052; x_wconf 93' lang='lat' dir='ltr'>cum</span> <span class='ocrx_word' id='word_1_76' title='bbox 480 1980 685 2052; x_wconf 82' lang='lat' dir='ltr'>fratre</span> <span class='ocrx_word' id='word_1_77' title='bbox 749 1983 1075 2073; x_wconf 88' lang='lat' dir='ltr'>tantisper</span> <span class='ocrx_word' id='word_1_78' title='bbox 1141 1984 1324 2073; x_wconf 91' lang='lat' dir='ltr'>apud</span> <span class='ocrx_word' id='word_1_79' title='bbox 1386 1984 1644 2053; x_wconf 90' lang='lat' dir='ltr'>Ducem</span> <span class='ocrx_word' id='word_1_80' title='bbox 1691 1986 1758 2054; x_wconf 91' lang='lat' dir='ltr'>in</span> 
     </span>
     <span class='ocr_line' id='line_1_17' title="bbox 263 2100 1757 2186; baseline 0.001 -17"><span class='ocrx_word' id='word_1_81' title='bbox 263 2100 615 2169; x_wconf 92' lang='lat' dir='ltr'>Moscovia</span> <span class='ocrx_word' id='word_1_82' title='bbox 666 2116 925 2186; x_wconf 78' lang='lat' dir='ltr'>essent,</span> <span class='ocrx_word' id='word_1_83' title='bbox 980 2101 1150 2168; x_wconf 91' lang='lat' dir='ltr'>dum</span> <span class='ocrx_word' id='word_1_84' title='bbox 1205 2101 1300 2169; x_wconf 92' lang='lat' dir='ltr'>P.</span> <span class='ocrx_word' id='word_1_85' title='bbox 1349 2101 1757 2173; x_wconf 88' lang='lat' dir='ltr'>Possevinus</span> 
     </span>
     <span class='ocr_line' id='line_1_18' title="bbox 262 2215 1757 2306; baseline 0.002 -22"><span class='ocrx_word' id='word_1_86' title='bbox 262 2215 567 2284; x_wconf 90' lang='lat' dir='ltr'>confecta</span> <span class='ocrx_word' id='word_1_87' title='bbox 589 2238 751 2305; x_wconf 90' lang='lat' dir='ltr'>pace</span> <span class='ocrx_word' id='word_1_88' title='bbox 772 2233 1232 2285; x_wconf 86' lang='lat' dir='ltr'>reverteretur.</span> <span class='ocrx_word' id='word_1_89' title='bbox 1253 2216 1466 2306; x_wconf 84' lang='lat' dir='ltr'>Quod</span> <span class='ocrx_word' id='word_1_90' title='bbox 1488 2220 1757 2288; x_wconf 86' lang='lat' dir='ltr'>tametsi</span> 
     </span>
     <span class='ocr_line' id='line_1_19' title="bbox 268 2328 1756 2417; baseline 0.005 -22"><span class='ocrx_word' id='word_1_91' title='bbox 268 2328 425 2395; x_wconf 85' lang='lat' dir='ltr'>Dux</span> <span class='ocrx_word' id='word_1_92' title='bbox 477 2330 713 2399; x_wconf 85' lang='lat' dir='ltr'>callide</span> <span class='ocrx_word' id='word_1_93' title='bbox 767 2328 949 2417; x_wconf 86' lang='lat' dir='ltr'>fecit,</span> <span class='ocrx_word' id='word_1_94' title='bbox 988 2347 1061 2399; x_wconf 90' lang='lat' dir='ltr'>ut</span> <span class='ocrx_word' id='word_1_95' title='bbox 1109 2353 1226 2399; x_wconf 88' lang='lat' dir='ltr'>eos</span> <span class='ocrx_word' id='word_1_96' title='bbox 1279 2332 1458 2402; x_wconf 87' lang='lat' dir='ltr'>velut</span> <span class='ocrx_word' id='word_1_97' title='bbox 1491 2336 1756 2404; x_wconf 91' lang='lat' dir='ltr'>obsides</span> 
     </span>
     <span class='ocr_line' id='line_1_20' title="bbox 260 2443 1755 2535; baseline 0.006 -24"><span class='ocrx_word' id='word_1_98' title='bbox 260 2443 541 2512; x_wconf 89' lang='lat' dir='ltr'>haberet</span> <span class='ocrx_word' id='word_1_99' title='bbox 600 2444 755 2513; x_wconf 90' lang='lat' dir='ltr'>fidei</span> <span class='ocrx_word' id='word_1_100' title='bbox 811 2445 892 2513; x_wconf 93' lang='lat' dir='ltr'>P.</span> <span class='ocrx_word' id='word_1_101' title='bbox 939 2446 1333 2535; x_wconf 89' lang='lat' dir='ltr'>Possevini,</span> <span class='ocrx_word' id='word_1_102' title='bbox 1385 2467 1615 2520; x_wconf 88' lang='lat' dir='ltr'>tamen</span> <span class='ocrx_word' id='word_1_103' title='bbox 1686 2451 1755 2519; x_wconf 90' lang='lat' dir='ltr'>id</span> 
     </span>
     <span class='ocr_line' id='line_1_21' title="bbox 263 2559 1756 2656; baseline 0.006 -29"><span class='ocrx_word' id='word_1_104' title='bbox 263 2582 403 2627; x_wconf 89' lang='lat' dir='ltr'>non</span> <span class='ocrx_word' id='word_1_105' title='bbox 444 2559 871 2630; x_wconf 90' lang='lat' dir='ltr'>incommode</span> <span class='ocrx_word' id='word_1_106' title='bbox 904 2563 1168 2650; x_wconf 80' lang='lat' dir='ltr'>cecidit,</span> <span class='ocrx_word' id='word_1_107' title='bbox 1191 2582 1544 2656; x_wconf 89' lang='lat' dir='ltr'>propterea</span> <span class='ocrx_word' id='word_1_108' title='bbox 1572 2568 1756 2656; x_wconf 92' lang='lat' dir='ltr'>quod</span> 
     </span>
     <span class='ocr_line' id='line_1_22' title="bbox 262 2684 1756 2774; baseline 0.005 -30"><span class='ocrx_word' id='word_1_109' title='bbox 262 2696 326 2746; x_wconf 90' lang='lat' dir='ltr'>et</span> <span class='ocrx_word' id='word_1_110' title='bbox 380 2700 609 2746; x_wconf 89' lang='lat' dir='ltr'>rerum</span> <span class='ocrx_word' id='word_1_111' title='bbox 664 2697 921 2749; x_wconf 88' lang='lat' dir='ltr'>statum</span> <span class='ocrx_word' id='word_1_112' title='bbox 976 2684 1414 2773; x_wconf 89' lang='lat' dir='ltr'>explorarunt</span> <span class='ocrx_word' id='word_1_113' title='bbox 1476 2684 1756 2774; x_wconf 89' lang='lat' dir='ltr'>diligen-</span> 
     </span>
     <span class='ocr_line' id='line_1_23' title="bbox 262 2790 1758 2884; baseline 0.009 -28"><span class='ocrx_word' id='word_1_114' title='bbox 262 2790 421 2877; x_wconf 62' lang='lat' dir='ltr'>tius,</span> <span class='ocrx_word' id='word_1_115' title='bbox 470 2793 823 2884; x_wconf 92' lang='lat' dir='ltr'>Moscique</span> <span class='ocrx_word' id='word_1_116' title='bbox 895 2815 1340 2867; x_wconf 89' lang='lat' dir='ltr'>assueverunt</span> <span class='ocrx_word' id='word_1_117' title='bbox 1396 2797 1758 2869; x_wconf 82' lang='lat' dir='ltr'>Catholicis</span> 
     </span>
     <span class='ocr_line' id='line_1_24' title="bbox 266 2907 1751 3005; baseline 0.003 -26"><span class='ocrx_word' id='word_1_118' title='bbox 266 2907 659 2980; x_wconf 88' lang='lat' dir='ltr'>hominibus</span> <span class='ocrx_word' id='word_1_119' title='bbox 686 2908 1028 2998; x_wconf 78' lang='lat' dir='ltr'>videndiS‚</span> <span class='ocrx_word' id='word_1_120' title='bbox 1058 2913 1140 2982; x_wconf 91' lang='lat' dir='ltr'>iis</span> <span class='ocrx_word' id='word_1_121' title='bbox 1181 2915 1606 3004; x_wconf 86' lang='lat' dir='ltr'>praesertim,</span> <span class='ocrx_word' id='word_1_122' title='bbox 1636 2916 1751 3005; x_wconf 90' lang='lat' dir='ltr'>qui</span> 
     </span>
    </p>
   </div>
  </div>
 </body>
</html>
