2192 3392
848 343 1177 403 -27-

266 578 503 625 omnes
547 554 854 640 confuse,
902 570 976 621 ut
1020 552 1245 641 jussus
1290 569 1416 639 est,
1455 552 1752 623 Secreta-

265 672 364 740 rio
389 684 455 727 40
479 670 891 754 tradidisset,
915 668 1132 759 coepit
1153 668 1414 759 singula
1440 690 1752 756 munera,

263 790 441 877 quae
511 786 599 854 ad
690 786 952 855 Ducem
1020 785 1301 872 ferebat,
1390 806 1744 875 exponere.

267 884 502 971 Prima
534 922 697 969 crux
730 900 856 968 fuit
903 923 939 967 e
968 898 1314 991 crystallo,
1345 898 1611 990 egregio
1640 921 1750 969 ar-

264 1017 471 1086 tificio
502 1038 809 1107 auroque
841 1015 1124 1101 caelata,
1151 1014 1222 1083 in
1265 1036 1474 1105 quam
1506 1016 1750 1084 inserta

262 1154 423 1223 pars
449 1147 594 1201 erat
641 1147 1111 1200 sacrosanctae
1141 1131 1357 1199 crucis
1407 1129 1612 1217 illius,
1642 1130 1749 1200 cui

266 1246 583 1317 Christus
619 1246 805 1315 Deus
832 1262 1058 1314 noster
1106 1237 1384 1314 suffixus
1414 1262 1542 1328 est;
1576 1247 1751 1314 hanc

262 1364 333 1432 in
388 1385 640 1432 manus
692 1384 877 1447 cum,
923 1362 1317 1453 sumpsisset
1379 1360 1573 1446 Dux,
1631 1361 1747 1429 diu

263 1479 789 1569 contemplatuS‚
816 1478 1101 1571 dignum
1134 1501 1321 1567 vern,
1372 1478 1490 1566 ait,
1524 1477 1753 1546 Ponti-

266 1597 388 1665 fice
447 1596 755 1665 Maximo
801 1617 1093 1682 munus;
1145 1596 1351 1664 altera
1394 1593 1519 1664 fuit
1560 1616 1753 1689 sacta

267 1712 438 1781 cerei
492 1711 647 1802 agni
704 1710 969 1802 image,
1030 1711 1100 1780 in
1153 1728 1434 1801 argento
1474 1709 1753 1801 illigata,

267 1850 469 1919 opere
517 1826 1335 1918 miniatoelegantissime
1383 1827 1561 1919 picta
1599 1848 1754 1895 cum

275 1944 653 2015 Ruthenica
714 1944 1204 2036 inscriptione3
1264 1944 1449 2036 quod
1509 1931 1758 2015 munus

273 2064 360 2133 P.
396 2062 808 2132 Possevinus
845 2062 986 2155 ipse
1024 2086 1094 2131 se
1131 2061 1303 2131 Duci
1348 2064 1508 2132 dare
1537 2062 1699 2132 dixit
1732 2088 1747 2132 :

271 2196 619 2270 propterea
665 2178 850 2267 quod
903 2199 982 2247 ea
1029 2178 1424 2249 Moscorum
1468 2190 1753 2247 consue*

273 2294 440 2363 tudo
473 2292 583 2379 sit,
614 2310 687 2361 ut
714 2292 918 2362 etiam
947 2294 1145 2384 legati
1171 2316 1296 2362 suo
1321 2293 1446 2385 ipsi
1482 2294 1756 2363 nomine

245 2432 560 2479 -munera
610 2411 867 2501 Magno
913 2410 1083 2478 Duci
1127 2410 1448 2498 afferantt,
1488 2411 1755 2480 tertium

273 2526 562 2596 Concilii
633 2527 689 2594 F
694 2526 1004 2596 lorentini
1057 2528 1374 2596 volumen
1435 2527 1557 2595 fuit
1621 2529 1756 2597 ele-

275 2661 512 2735 ganter
559 2660 992 2733 compactum
1028 2660 1092 2711 et
1145 2661 1502 2730 ornatumz,
1550 2643 1758 2733 'quar-

275 2776 449 2855 tum,
510 2759 876 2833 Rosarium
923 2780 1004 2826 ex
1067 2772 1250 2827 auro⁴
1297 2758 1756 2850 gemmisque;

277 2874 513 2964 quinta
566 2874 1000 2963 globulorum
1050 2873 1251 2943 decas
1303 2874 1758 2964 precariorum

279 3011 356 3058 ex
386 2990 517 3059 alia
545 2989 706 3059 item
736 3010 1035 3081 gemma,
1067 3009 1234 3057 auro
1263 2987 1556 3075 insertoz,
1599 2989 1758 3056 ulti-
