2192 3392
392 492 605 561 crucis
632 489 919 580 alicujus
966 505 1360 579 prospectus
1409 506 1608 576 esset,
1651 512 1876 559 accur·

394 625 641 695 retent,
692 624 814 676 aut
864 623 1039 676 certe
1111 626 1367 690 cruces,
1414 625 1590 693 quas
1643 626 1876 673 secum

390 738 728 817 gestarent
762 721 1037 809 (Moscis
1082 720 1267 789 enim
1300 717 1622 786 omnibus
1664 740 1876 808 aeque

392 838 679 909 summis
718 854 920 927 atque
970 834 1218 903 infimis
1261 855 1494 903 cruces
1538 856 1574 901 e
1625 834 1875 901 cervice

391 955 797 1046 suspendere
822 974 973 1020 mos
1000 952 1127 1041 est)
1158 967 1572 1041 promerent,
1593 949 1682 1017 ad
1707 971 1877 1038 quas

392 1093 591 1139 suum
619 1068 747 1160 ipsi
768 1068 1053 1153 cultum,
1075 1088 1438 1156 precesque
1459 1064 1870 1134 adhiberent.

391 1186 601 1275 Quod
638 1186 693 1253 si
730 1185 954 1274 imago
1002 1182 1186 1249 nulla
1245 1182 1507 1266 fuisset,
1556 1182 1876 1272 precatio-

392 1324 549 1371 nem
613 1320 891 1369 omnem
950 1297 1380 1383 omittebant,
1425 1318 1505 1365 ac
1553 1297 1756 1366 veluti
1805 1321 1874 1365 se

391 1433 755 1511 purgantes
796 1414 1093 1504 aiebant,
1139 1436 1298 1481 cum
1348 1413 1648 1503 primum
1699 1413 1874 1483 nacti

391 1550 611 1602 essent
639 1530 1026 1621 imaginem,
1058 1530 1200 1597 suis
1229 1529 1432 1597 etiam
1464 1550 1534 1597 se
1563 1529 1874 1619 precibus

393 1671 658 1719 usuros,
716 1645 923 1717 Cibos
976 1667 1098 1735 per
1145 1644 1417 1735 signum
1466 1645 1687 1713 crucis
1735 1668 1870 1714 non

390 1744 887 1835 consueverunt
938 1760 1231 1850 expiare,
1290 1778 1523 1829 contra
1581 1762 1663 1830 iis
1729 1786 1872 1832 sese

391 1882 700 1973 expiant;
752 1877 1056 1949 similiter
1085 1898 1243 1945 cum
1285 1877 1450 1966 quid
1490 1879 1870 1971 porrigunt,

392 2022 500 2084 eo,
543 1997 597 2065 si
633 1994 1002 2087 profanum
1042 2010 1167 2079 est,
1199 1992 1412 2061 crucis
1457 1971 1871 2084 signum'ex-

391 2113 731 2205 primunt3
778 2108 833 2176 si
886 2128 1185 2193 sacrum,
1243 2107 1533 2176 frontem
1585 2130 1663 2176 ac
1712 2127 1872 2177 tem-

392 2251 558 2322 pora
592 2224 930 2317 religionis
968 2246 1210 2292 caussa
1254 2226 1686 2317 contingunt;
1722 2248 1872 2293 con-

393 2343 680 2416 suetudo
705 2358 932 2429 autem
963 2339 1314 2408 osculandi
1343 2362 1448 2426 ea,
1484 2362 1657 2430 quae
1681 2340 1869 2426 dant,

390 2462 831 2552 accipiuntve,
864 2458 1043 2550 apud
1072 2480 1187 2527 eos
1214 2458 1395 2526 nulla
1427 2476 1524 2526 est
1560 2458 1864 2525 omnin0.

392 2568 797 2648 Sanctorum
817 2590 1043 2641 autem
1073 2571 1401 2670 imagines
1429 2573 1715 2663 pingunt
1733 2573 1871 2639 sin-

391 2692 607 2787 gulari
636 2689 963 2759 modestia
994 2705 1058 2757 et
1080 2688 1427 2778 gravitate,
1467 2687 1868 2757 abominan-

392 2827 630 2895 turque
667 2802 991 2892 imagines
1030 2803 1203 2884 illas,
1244 2825 1420 2892 quae
1462 2819 1578 2871 aut
1610 2804 1869 2872 Ruthe-

397 2920 545 2987 nica
583 2915 1006 3004 inscriptione
1054 2934 1352 3001 careant,
1401 2935 1517 2987 aut
1564 2920 1872 2991 membra
