<?xml version="1.0" encoding="UTF-8"?>
<!DOCTYPE html PUBLIC "-//W3C//DTD XHTML 1.0 Transitional//EN"
    "http://www.w3.org/TR/xhtml1/DTD/xhtml1-transitional.dtd">
<html xmlns="http://www.w3.org/1999/xhtml" xml:lang="en" lang="en">
 <head>
  <title>
</title>
<meta http-equiv="Content-Type" content="text/html;charset=utf-8" />
  <meta name='ocr-system' content='tesseract 3.04.00' />
  <meta name='ocr-capabilities' content='ocr_page ocr_carea ocr_par ocr_line ocrx_word'/>
</head>
<body>
  <div class='ocr_page' id='page_1' title='image "antoniipossevin00gallgoog_0078.png"; bbox 0 0 2192 3392; ppageno 0'>
   <div class='ocr_carea' id='block_1_1' title="bbox 269 276 1676 288">
    <p class='ocr_par' dir='ltr' id='par_1_1' title="bbox 269 276 1676 288">
     <span class='ocr_line' id='line_1_1' title="bbox 269 276 1676 288; baseline 0.002 -6"><span class='ocrx_word' id='word_1_1' title='bbox 269 276 1592 286; x_wconf 68' lang='lat'>-———-—-—-———-————0———</span> <span class='ocrx_word' id='word_1_2' title='bbox 1627 283 1634 287; x_wconf 86' lang='lat'>.</span> <span class='ocrx_word' id='word_1_3' title='bbox 1671 283 1676 288; x_wconf 91' lang='grc'><strong>,</strong></span> 
     </span>
    </p>
   </div>
   <div class='ocr_carea' id='block_1_2' title="bbox 165 319 1752 3072">
    <p class='ocr_par' dir='ltr' id='par_1_2' title="bbox 165 319 1752 3072">
     <span class='ocr_line' id='line_1_2' title="bbox 843 319 1170 379; baseline 0.006 -17"><span class='ocrx_word' id='word_1_4' title='bbox 843 351 922 362; x_wconf 80' lang='grc'>.-</span> <span class='ocrx_word' id='word_1_5' title='bbox 966 319 1003 378; x_wconf 81' lang='lat'>5</span> <span class='ocrx_word' id='word_1_6' title='bbox 1017 319 1046 379; x_wconf 85' lang='lat'><strong>3</strong></span> <span class='ocrx_word' id='word_1_7' title='bbox 1091 353 1170 364; x_wconf 80' lang='lat'>.-</span> 
     </span>
     <span class='ocr_line' id='line_1_3' title="bbox 264 523 1749 638; baseline 0.001 -22"><span class='ocrx_word' id='word_1_8' title='bbox 264 569 470 638; x_wconf 74' lang='lat' dir='ltr'>quae‚</span> <span class='ocrx_word' id='word_1_9' title='bbox 500 548 589 616; x_wconf 87' lang='lat' dir='ltr'>ab</span> <span class='ocrx_word' id='word_1_10' title='bbox 633 563 934 616; x_wconf 85' lang='lat' dir='ltr'>extrema</span> <span class='ocrx_word' id='word_1_11' title='bbox 979 523 1373 634; x_wconf 30' lang='lat' dir='ltr'>Moscovia,‘</span> <span class='ocrx_word' id='word_1_12' title='bbox 1414 548 1503 618; x_wconf 93' lang='lat' dir='ltr'>ad</span> <span class='ocrx_word' id='word_1_13' title='bbox 1543 549 1749 618; x_wconf 87' lang='lat' dir='ltr'>fultu-</span> 
     </span>
     <span class='ocr_line' id='line_1_4' title="bbox 263 663 1749 754; baseline 0 -21"><span class='ocrx_word' id='word_1_14' title='bbox 263 686 414 733; x_wconf 89' lang='lat' dir='ltr'>ram</span> <span class='ocrx_word' id='word_1_15' title='bbox 482 663 765 732; x_wconf 87' lang='lat' dir='ltr'>vestium</span> <span class='ocrx_word' id='word_1_16' title='bbox 832 663 1234 754; x_wconf 88' lang='lat' dir='ltr'>Principum</span> <span class='ocrx_word' id='word_1_17' title='bbox 1284 664 1580 733; x_wconf 73' lang='lat' dir='ltr'>virorum</span> <span class='ocrx_word' id='word_1_18' title='bbox 1621 664 1749 733; x_wconf 90' lang='lat' dir='ltr'>im-</span> 
     </span>
     <span class='ocr_line' id='line_1_5' title="bbox 266 780 1751 870; baseline 0.001 -21"><span class='ocrx_word' id='word_1_19' title='bbox 266 802 502 849; x_wconf 91' lang='lat' dir='ltr'>menso</span> <span class='ocrx_word' id='word_1_20' title='bbox 549 780 764 870; x_wconf 84' lang='lat' dir='ltr'>pretio</span> <span class='ocrx_word' id='word_1_21' title='bbox 794 795 1235 870; x_wconf 64' lang='lat' dir='ltr'>exportantur</span> <span class='ocrx_word' id='word_1_22' title='bbox 1263 781 1349 849; x_wconf 89' lang='lat' dir='ltr'>ad</span> <span class='ocrx_word' id='word_1_23' title='bbox 1382 803 1531 850; x_wconf 87' lang='lat' dir='ltr'>nos.</span> <span class='ocrx_word' id='word_1_24' title='bbox 1564 781 1751 850; x_wconf 87' lang='lat' dir='ltr'>Vites</span> 
     </span>
     <span class='ocr_line' id='line_1_6' title="bbox 266 895 1751 987; baseline 0.003 -24"><span class='ocrx_word' id='word_1_25' title='bbox 266 896 331 963; x_wconf 91' lang='lat' dir='ltr'>in</span> <span class='ocrx_word' id='word_1_26' title='bbox 353 895 704 964; x_wconf 90' lang='lat' dir='ltr'>Moscovia</span> <span class='ocrx_word' id='word_1_27' title='bbox 731 919 866 963; x_wconf 90' lang='lat' dir='ltr'>non</span> <span class='ocrx_word' id='word_1_28' title='bbox 898 914 1241 984; x_wconf 83' lang='lat' dir='ltr'>seruntur,</span> <span class='ocrx_word' id='word_1_29' title='bbox 1268 918 1489 987; x_wconf 89' lang='lat' dir='ltr'>neque</span> <span class='ocrx_word' id='word_1_30' title='bbox 1513 898 1751 968; x_wconf 90' lang='lat' dir='ltr'>vinum</span> 
     </span>
     <span class='ocr_line' id='line_1_7' title="bbox 269 1009 1749 1099; baseline 0.005 -24"><span class='ocrx_word' id='word_1_31' title='bbox 269 1009 474 1098; x_wconf 93' lang='lat' dir='ltr'>(quod</span> <span class='ocrx_word' id='word_1_32' title='bbox 535 1011 628 1079; x_wconf 82' lang='lat' dir='ltr'>illi</span> <span class='ocrx_word' id='word_1_33' title='bbox 698 1012 1116 1080; x_wconf 85' lang='lat' dir='ltr'>Romaniam</span> <span class='ocrx_word' id='word_1_34' title='bbox 1160 1030 1454 1099; x_wconf 73' lang='lat' dir='ltr'>vocant,</span> <span class='ocrx_word' id='word_1_35' title='bbox 1518 1036 1749 1083; x_wconf 90' lang='lat' dir='ltr'>rarum</span> 
     </span>
     <span class='ocr_line' id='line_1_8' title="bbox 264 1113 1749 1220; baseline 0.005 -29"><span class='ocrx_word' id='word_1_36' title='bbox 264 1113 573 1212; x_wconf 82' lang='lat' dir='ltr'>inventu,</span> <span class='ocrx_word' id='word_1_37' title='bbox 612 1125 906 1219; x_wconf 83' lang='lat' dir='ltr'>forisque</span> <span class='ocrx_word' id='word_1_38' title='bbox 947 1128 1271 1220; x_wconf 86' lang='lat' dir='ltr'>defertur)</span> <span class='ocrx_word' id='word_1_39' title='bbox 1323 1128 1482 1198; x_wconf 84' lang='lat' dir='ltr'>alibi</span> <span class='ocrx_word' id='word_1_40' title='bbox 1538 1151 1749 1219; x_wconf 88' lang='lat' dir='ltr'>quam</span> 
     </span>
     <span class='ocr_line' id='line_1_9' title="bbox 165 1229 1747 1337; baseline 0.006 -31"><span class='ocrx_word' id='word_1_41' title='bbox 165 1251 170 1256; x_wconf 82' lang='lat'>&#39;</span> <span class='ocrx_word' id='word_1_42' title='bbox 265 1240 447 1330; x_wconf 88' lang='lat' dir='ltr'>apud</span> <span class='ocrx_word' id='word_1_43' title='bbox 504 1263 717 1312; x_wconf 90' lang='lat' dir='ltr'>unum</span> <span class='ocrx_word' id='word_1_44' title='bbox 781 1229 1036 1337; x_wconf 82' lang='lat' dir='ltr'>Regem</span> <span class='ocrx_word' id='word_1_45' title='bbox 1091 1247 1445 1337; x_wconf 83' lang='lat' dir='ltr'>reperitur,</span> <span class='ocrx_word' id='word_1_46' title='bbox 1508 1269 1549 1315; x_wconf 88' lang='lat' dir='ltr'>a</span> <span class='ocrx_word' id='word_1_47' title='bbox 1606 1270 1747 1337; x_wconf 90' lang='lat' dir='ltr'>quo</span> 
     </span>
     <span class='ocr_line' id='line_1_10' title="bbox 263 1343 1747 1451; baseline 0.007 -30"><span class='ocrx_word' id='word_1_48' title='bbox 263 1376 383 1444; x_wconf 89' lang='lat' dir='ltr'>per</span> <span class='ocrx_word' id='word_1_49' title='bbox 417 1357 786 1451; x_wconf 86' lang='lat' dir='ltr'>Episcopos</span> <span class='ocrx_word' id='word_1_50' title='bbox 810 1361 879 1430; x_wconf 91' lang='lat' dir='ltr'>in</span> <span class='ocrx_word' id='word_1_51' title='bbox 904 1343 1293 1433; x_wconf 87' lang='lat' dir='ltr'>universam</span> <span class='ocrx_word' id='word_1_52' title='bbox 1319 1362 1747 1432; x_wconf 87' lang='lat' dir='ltr'>Moscoviam</span> 
     </span>
     <span class='ocr_line' id='line_1_11' title="bbox 264 1474 1747 1569; baseline 0.005 -30"><span class='ocrx_word' id='word_1_53' title='bbox 264 1474 780 1552; x_wconf 73' lang='lat' dir='ltr'>adsacrificium</span> <span class='ocrx_word' id='word_1_54' title='bbox 811 1477 1055 1546; x_wconf 87' lang='lat' dir='ltr'>missae</span> <span class='ocrx_word' id='word_1_55' title='bbox 1104 1478 1563 1569; x_wconf 84' lang='lat' dir='ltr'>peragendum</span> <span class='ocrx_word' id='word_1_56' title='bbox 1603 1479 1747 1547; x_wconf 85' lang='lat' dir='ltr'>dis-</span> 
     </span>
     <span class='ocr_line' id='line_1_12' title="bbox 260 1577 1747 1684; baseline 0.003 -26"><span class='ocrx_word' id='word_1_57' title='bbox 260 1592 598 1662; x_wconf 84' lang='lat' dir='ltr'>tribuitur.</span> <span class='ocrx_word' id='word_1_58' title='bbox 668 1592 882 1660; x_wconf 88' lang='lat' dir='ltr'>Potus</span> <span class='ocrx_word' id='word_1_59' title='bbox 926 1592 1057 1660; x_wconf 90' lang='lat' dir='ltr'>illis</span> <span class='ocrx_word' id='word_1_60' title='bbox 1093 1577 1375 1662; x_wconf 81' lang='lat' dir='ltr'>cervisia</span> <span class='ocrx_word' id='word_1_61' title='bbox 1427 1616 1505 1662; x_wconf 88' lang='lat' dir='ltr'>ex</span> <span class='ocrx_word' id='word_1_62' title='bbox 1558 1593 1747 1684; x_wconf 87' lang='lat' dir='ltr'>fruge</span> 
     </span>
     <span class='ocr_line' id='line_1_13' title="bbox 261 1708 1749 1798; baseline 0.004 -26"><span class='ocrx_word' id='word_1_63' title='bbox 261 1724 634 1796; x_wconf 82' lang='lat' dir='ltr'>macerata,</span> <span class='ocrx_word' id='word_1_64' title='bbox 696 1726 813 1777; x_wconf 89' lang='lat' dir='ltr'>aut</span> <span class='ocrx_word' id='word_1_65' title='bbox 889 1709 1090 1777; x_wconf 89' lang='lat' dir='ltr'>medo</span> <span class='ocrx_word' id='word_1_66' title='bbox 1161 1708 1240 1798; x_wconf 90' lang='lat' dir='ltr'>(is</span> <span class='ocrx_word' id='word_1_67' title='bbox 1296 1708 1614 1778; x_wconf 90' lang='lat' dir='ltr'>miscetur</span> <span class='ocrx_word' id='word_1_68' title='bbox 1659 1733 1749 1786; x_wconf 64' lang='lat' dir='ltr'>,ex</span> 
     </span>
     <span class='ocr_line' id='line_1_14' title="bbox 259 1823 1749 1917; baseline 0.003 -26"><span class='ocrx_word' id='word_1_69' title='bbox 259 1845 438 1913; x_wconf 87' lang='lat' dir='ltr'>aqua</span> <span class='ocrx_word' id='word_1_70' title='bbox 463 1842 526 1893; x_wconf 89' lang='lat' dir='ltr'>et</span> <span class='ocrx_word' id='word_1_71' title='bbox 550 1823 766 1917; x_wconf 88' lang='lat' dir='ltr'>melle)</span> <span class='ocrx_word' id='word_1_72' title='bbox 792 1846 872 1892; x_wconf 86' lang='lat' dir='ltr'>ex</span> <span class='ocrx_word' id='word_1_73' title='bbox 897 1823 998 1891; x_wconf 92' lang='lat' dir='ltr'>his</span> <span class='ocrx_word' id='word_1_74' title='bbox 1027 1823 1270 1893; x_wconf 90' lang='lat' dir='ltr'>deinde</span> <span class='ocrx_word' id='word_1_75' title='bbox 1293 1846 1551 1914; x_wconf 86' lang='lat' dir='ltr'>aquam</span> <span class='ocrx_word' id='word_1_76' title='bbox 1576 1825 1749 1897; x_wconf 86' lang='lat' dir='ltr'>vitae</span> 
     </span>
     <span class='ocr_line' id='line_1_15' title="bbox 257 1940 1751 2028; baseline 0.003 -21"><span class='ocrx_word' id='word_1_77' title='bbox 257 1940 396 2008; x_wconf 89' lang='lat' dir='ltr'>sive</span> <span class='ocrx_word' id='word_1_78' title='bbox 462 1940 810 2009; x_wconf 79' lang='lat' dir='ltr'>ardentem</span> <span class='ocrx_word' id='word_1_79' title='bbox 841 1952 900 1998; x_wconf 90' lang='lat'>70</span> <span class='ocrx_word' id='word_1_80' title='bbox 934 1991 954 2025; x_wconf 82' lang='lat'><strong>‚</strong></span> <span class='ocrx_word' id='word_1_81' title='bbox 1012 1958 1086 2009; x_wconf 92' lang='lat' dir='ltr'>ut</span> <span class='ocrx_word' id='word_1_82' title='bbox 1146 1958 1416 2028; x_wconf 80' lang='lat' dir='ltr'>vocant,</span> <span class='ocrx_word' id='word_1_83' title='bbox 1478 1941 1751 2012; x_wconf 90' lang='lat' dir='ltr'>eliciunt</span> 
     </span>
     <span class='ocr_line' id='line_1_16' title="bbox 257 2054 1744 2148; baseline 0.002 -24"><span class='ocrx_word' id='word_1_84' title='bbox 257 2055 322 2124; x_wconf 88' lang='lat' dir='ltr'>vi</span> <span class='ocrx_word' id='word_1_85' title='bbox 354 2054 557 2145; x_wconf 76' lang='lat' dir='ltr'>ignis,</span> <span class='ocrx_word' id='word_1_86' title='bbox 586 2077 874 2144; x_wconf 89' lang='lat' dir='ltr'>eamque</span> <span class='ocrx_word' id='word_1_87' title='bbox 901 2055 969 2123; x_wconf 92' lang='lat' dir='ltr'>in</span> <span class='ocrx_word' id='word_1_88' title='bbox 1031 2054 1351 2123; x_wconf 88' lang='lat' dir='ltr'>conviviis</span> <span class='ocrx_word' id='word_1_89' title='bbox 1378 2058 1583 2148; x_wconf 80' lang='lat' dir='ltr'>vulgo</span> <span class='ocrx_word' id='word_1_90' title='bbox 1634 2081 1744 2128; x_wconf 92' lang='lat' dir='ltr'>so-</span> 
     </span>
     <span class='ocr_line' id='line_1_17' title="bbox 259 2158 1745 2266; baseline 0.003 -27"><span class='ocrx_word' id='word_1_91' title='bbox 259 2158 396 2240; x_wconf 86' lang='lat' dir='ltr'>lent</span> <span class='ocrx_word' id='word_1_92' title='bbox 437 2193 865 2266; x_wconf 83' lang='lat' dir='ltr'>praesumere</span> <span class='ocrx_word' id='word_1_93' title='bbox 893 2170 979 2240; x_wconf 91' lang='lat' dir='ltr'>ad</span> <span class='ocrx_word' id='word_1_94' title='bbox 1015 2172 1412 2240; x_wconf 87' lang='lat' dir='ltr'>avertendas</span> <span class='ocrx_word' id='word_1_95' title='bbox 1454 2173 1745 2244; x_wconf 88' lang='lat' dir='ltr'>inflatio-</span> 
     </span>
     <span class='ocr_line' id='line_1_18' title="bbox 257 2286 1747 2388; baseline 0.001 -33"><span class='ocrx_word' id='word_1_96' title='bbox 257 2311 406 2372; x_wconf 78' lang='lat' dir='ltr'>ne8‚</span> <span class='ocrx_word' id='word_1_97' title='bbox 462 2309 631 2376; x_wconf 87' lang='lat' dir='ltr'>quas</span> <span class='ocrx_word' id='word_1_98' title='bbox 663 2286 817 2372; x_wconf 75' lang='lat' dir='ltr'>cibi,</span> <span class='ocrx_word' id='word_1_99' title='bbox 852 2286 1295 2388; x_wconf 89' lang='lat' dir='ltr'>potionesque</span> <span class='ocrx_word' id='word_1_100' title='bbox 1325 2287 1615 2379; x_wconf 85' lang='lat' dir='ltr'>regionis</span> <span class='ocrx_word' id='word_1_101' title='bbox 1652 2289 1747 2358; x_wconf 86' lang='lat' dir='ltr'>fa-</span> 
     </span>
     <span class='ocr_line' id='line_1_19' title="bbox 257 2403 1748 2493; baseline 0.001 -21"><span class='ocrx_word' id='word_1_102' title='bbox 257 2405 496 2488; x_wconf 76' lang='lat' dir='ltr'>ciunt,</span> <span class='ocrx_word' id='word_1_103' title='bbox 561 2403 848 2470; x_wconf 86' lang='lat' dir='ltr'>ebrietas</span> <span class='ocrx_word' id='word_1_104' title='bbox 919 2403 986 2470; x_wconf 94' lang='lat' dir='ltr'>in</span> <span class='ocrx_word' id='word_1_105' title='bbox 1056 2403 1253 2493; x_wconf 89' lang='lat' dir='ltr'>plebe</span> <span class='ocrx_word' id='word_1_106' title='bbox 1334 2404 1748 2473; x_wconf 89' lang='lat' dir='ltr'>severissime</span> 
     </span>
     <span class='ocr_line' id='line_1_20' title="bbox 255 2518 1746 2609; baseline -0.002 -19"><span class='ocrx_word' id='word_1_107' title='bbox 255 2520 666 2604; x_wconf 76' lang='lat' dir='ltr'>vindicatur,</span> <span class='ocrx_word' id='word_1_108' title='bbox 717 2518 990 2609; x_wconf 87' lang='lat' dir='ltr'>legeque</span> <span class='ocrx_word' id='word_1_109' title='bbox 1030 2519 1461 2589; x_wconf 88' lang='lat' dir='ltr'>interdictum</span> <span class='ocrx_word' id='word_1_110' title='bbox 1500 2536 1625 2606; x_wconf 81' lang='lat' dir='ltr'>est,</span> <span class='ocrx_word' id='word_1_111' title='bbox 1667 2541 1746 2587; x_wconf 87' lang='lat' dir='ltr'>ea</span> 
     </span>
     <span class='ocr_line' id='line_1_21' title="bbox 256 2634 1752 2726; baseline -0.001 -20"><span class='ocrx_word' id='word_1_112' title='bbox 256 2636 461 2706; x_wconf 88' lang='lat' dir='ltr'>vendi</span> <span class='ocrx_word' id='word_1_113' title='bbox 509 2634 774 2726; x_wconf 88' lang='lat' dir='ltr'>publice</span> <span class='ocrx_word' id='word_1_114' title='bbox 827 2635 895 2703; x_wconf 93' lang='lat' dir='ltr'>in</span> <span class='ocrx_word' id='word_1_115' title='bbox 941 2635 1271 2722; x_wconf 78' lang='lat' dir='ltr'>taberniS,</span> <span class='ocrx_word' id='word_1_116' title='bbox 1301 2658 1476 2726; x_wconf 90' lang='lat' dir='ltr'>quae</span> <span class='ocrx_word' id='word_1_117' title='bbox 1522 2635 1752 2725; x_wconf 89' lang='lat' dir='ltr'>aliquo</span> 
     </span>
     <span class='ocr_line' id='line_1_22' title="bbox 257 2736 1748 2841; baseline -0.002 -20"><span class='ocrx_word' id='word_1_118' title='bbox 257 2752 468 2821; x_wconf 89' lang='lat' dir='ltr'>modo</span> <span class='ocrx_word' id='word_1_119' title='bbox 497 2750 756 2841; x_wconf 88' lang='lat' dir='ltr'>possint</span> <span class='ocrx_word' id='word_1_120' title='bbox 782 2748 1175 2819; x_wconf 80' lang='lat' dir='ltr'>ebrietatem</span> <span class='ocrx_word' id='word_1_121' title='bbox 1203 2749 1541 2818; x_wconf 87' lang='lat' dir='ltr'>inducere.</span> <span class='ocrx_word' id='word_1_122' title='bbox 1583 2736 1748 2818; x_wconf 86' lang='lat' dir='ltr'>Cul-</span> 
     </span>
     <span class='ocr_line' id='line_1_23' title="bbox 252 2866 1747 2958; baseline 0.001 -24"><span class='ocrx_word' id='word_1_123' title='bbox 252 2886 367 2934; x_wconf 90' lang='lat' dir='ltr'>tus</span> <span class='ocrx_word' id='word_1_124' title='bbox 416 2889 614 2958; x_wconf 83' lang='lat' dir='ltr'>asper</span> <span class='ocrx_word' id='word_1_125' title='bbox 659 2883 722 2935; x_wconf 88' lang='lat' dir='ltr'>et</span> <span class='ocrx_word' id='word_1_126' title='bbox 767 2866 1116 2934; x_wconf 90' lang='lat' dir='ltr'>munditiis</span> <span class='ocrx_word' id='word_1_127' title='bbox 1155 2888 1409 2935; x_wconf 84' lang='lat' dir='ltr'>carens,</span> <span class='ocrx_word' id='word_1_128' title='bbox 1464 2867 1747 2935; x_wconf 86' lang='lat' dir='ltr'>Mensae</span> 
     </span>
     <span class='ocr_line' id='line_1_24' title="bbox 251 2980 1744 3072; baseline -0.001 -20"><span class='ocrx_word' id='word_1_129' title='bbox 251 2982 626 3052; x_wconf 87' lang='lat' dir='ltr'>accubituri</span> <span class='ocrx_word' id='word_1_130' title='bbox 659 3001 906 3048; x_wconf 87' lang='lat' dir='ltr'>manus</span> <span class='ocrx_word' id='word_1_131' title='bbox 937 3001 1075 3048; x_wconf 92' lang='lat' dir='ltr'>non</span> <span class='ocrx_word' id='word_1_132' title='bbox 1116 2980 1369 3067; x_wconf 85' lang='lat' dir='ltr'>lavant,</span> <span class='ocrx_word' id='word_1_133' title='bbox 1403 3004 1619 3072; x_wconf 89' lang='lat' dir='ltr'>neque</span> <span class='ocrx_word' id='word_1_134' title='bbox 1655 2983 1744 3050; x_wconf 91' lang='lat' dir='ltr'>ad</span> 
     </span>
    </p>
   </div>
  </div>
 </body>
</html>
