2192 3392
988 298 1062 310 ....
1104 265 1189 345 48
1234 297 1309 310 .-

405 496 584 567 enim
637 519 718 566 ea
771 497 918 566 loca
978 489 1068 566 ob
1123 496 1415 565 militum
1463 495 1895 566 excursiones

401 615 585 683 om‘ni
629 614 988 683 solitudine
1024 633 1090 683 et
1133 614 1359 704 inopia
1402 630 1593 683 vasta
1636 634 1887 700 essent,

403 732 506 799 vix
540 730 627 800 ad
657 731 1030 799 bibendum
1076 753 1283 820 aqua,
1323 752 1534 820 eaque
1572 749 1892 822 corrupta

397 846 816 936 suppetebat.
903 829 1230 914 Confecto
1309 846 1495 935 pacis
1590 847 1888 936 negoti0‚

404 964 487 1032 P.
540 963 950 1032 Possevinus
1018 985 1292 1032 cursum
1356 965 1444 1032 ad
1499 964 1889 1034 Moscoviae

405 1080 660 1148 Ducem
691 1101 849 1148 cum
879 1079 1112 1169 legatis
1142 1079 1453 1148 intendit.
1483 1081 1888 1149 Porcoviam

396 1215 625 1268 autem
670 1220 824 1266 cum
879 1198 1247 1285 venissent,
1296 1198 1611 1267 universa
1656 1200 1885 1268 multi-

393 1315 559 1383 tudo
604 1314 879 1383 obviarn
919 1314 1271 1404 processit,
1325 1336 1563 1405 pacem
1613 1332 1885 1405 partam

389 1431 826 1520 gratulantes,
848 1430 1358 1521 Novogardiam
1383 1430 1537 1499 inde
1559 1451 1880 1521 magnam

393 1545 643 1614 octidui
695 1545 929 1614 itinere
989 1545 1371 1629 contendit3
1441 1545 1606 1614 haec
1662 1545 1883 1634 lignea

396 1661 625 1730 civitas
662 1678 786 1746 est,
825 1683 1051 1730 arcem
1103 1677 1167 1730 et
1196 1663 1707 1754 propugnacula
1753 1665 1877 1732 ha-

392 1775 503 1845 bet
542 1798 619 1844 ex
683 1775 940 1866 lapide3
995 1776 1255 1867 legibus
1298 1777 1462 1846 olim
1523 1778 1663 1844 suis
1724 1799 1875 1865 usa,

392 1891 753 1982 multisque
822 1894 1092 1983 populis
1162 1893 1527 1984 imperasse
1604 1893 1871 1987 dicitur.

393 2009 476 2077 P.
521 2009 929 2077 Possevinus
969 2031 1089 2100 per
1136 2009 1376 2078 referta
1415 2008 1644 2078 omnia
1691 2011 1873 2079 ordi-

392 2123 590 2192 nibus
621 2123 945 2208 vit-orum,
977 2145 1148 2212 quos
1177 2123 1266 2191 ad
1296 2145 1448 2192 eam
1478 2124 1698 2215 ipsam
1730 2147 1875 2195 rem

390 2239 770 2310 exciverant
805 2263 882 2309 ex
927 2241 1133 2332 agris,
1173 2241 1343 2309 inter
1393 2243 1876 2332 gratulationes

389 2373 452 2424 et
481 2357 759 2445 plausus
787 2355 1023 2424 urbem
1065 2356 1430 2445 ingressus,
1463 2357 1700 2425 eadem
1742 2357 1875 2426 fre-

387 2471 656 2560 quentia
699 2470 785 2538 ad
832 2493 1047 2560 usque
1086 2469 1456 2560 hospitium
1504 2472 1877 2542 celebratus

386 2605 506 2656 est.
543 2586 1025 2676 Novogardiae
1065 2586 1349 2656 biduum
1376 2573 1869 2675 commoratus,

386 2705 804 2774 Moscoviam
857 2704 1121 2772 x111die
1171 2705 1493 2795 pervenit.
1532 2706 1683 2773 Dux
1736 2706 1871 2775 albi

392 2820 528 2886 ursi
607 2819 776 2908 pelle
840 2818 1092 2908 ingenti
1171 2820 1447 2888 rhedam
1523 2837 1867 2908 ornatam,

387 2933 773 3021 equitesque
821 2953 940 3001 ccc
986 2932 1257 3001 obviam
1289 2933 1498 3018 misit,
1537 2956 1578 3001 a
1617 2934 1869 3024 quibus
