2192 3392
384 516 682 585 schisma
731 514 1088 607 pertinent,
1135 515 1403 583 fidelem
1440 537 1718 606 operam
1756 538 1884 584 na-

387 650 602 717 varat,
655 632 743 701 ab
804 631 1057 701 haeresi
1104 632 1409 700 luterana
1457 633 1545 700 ad
1585 631 1885 702 Catholi-

387 767 538 818 cam
567 749 770 817 fidem
801 769 1167 816 conversus
1191 766 1312 817 est.
1353 749 1505 840 Ipse
1534 768 1882 839 praeterea

386 864 774 934 Polocensis
835 866 1213 956 Episcopus
1260 865 1729 935 schismaticus
1784 862 1880 950 ⁶7,

386 1003 545 1050 cum
575 1003 814 1072 pacem
856 981 1052 1050 nobis
1093 982 1511 1073 gratulatum
1561 980 1880 1067 venisset,

385 1098 723 1189 pollicitus
752 1115 850 1166 est
877 1120 1022 1167 sese
1044 1120 1204 1166 cum
1244 1092 1541 1184 Nostris,
1568 1098 1687 1188 qui
1715 1097 1881 1167 inibi

387 1232 571 1300 sunt,
612 1212 978 1283 amicitiam
1015 1233 1573 1283 conservaturum
1604 1231 1669 1282 et
1705 1236 1884 1304 quae

387 1331 469 1398 de
517 1330 873 1398 schismate
920 1330 1169 1420 scripta
1226 1348 1475 1418 essent,
1526 1331 1886 1422 diligenter

388 1471 458 1516 se
484 1448 836 1516 lecturum.
882 1446 1148 1514 Polotia
1181 1445 1469 1515 Disn‘am
1498 1470 1731 1517 versus
1760 1448 1884 1516 iter

391 1564 861 1647 intenderuntz,
891 1585 971 1632 ea
1012 1562 1078 1630 in
1113 1583 1264 1632 arce
1310 1563 1617 1632 catholici
1658 1563 1885 1632 visun-

389 1700 498 1749 tur
534 1678 815 1769 aliquot,
847 1700 887 1746 a
925 1679 1171 1768 quibus
1209 1698 1486 1771 rogatus
1518 1681 1600 1748 P.
1643 1680 1885 1750 Posse-

391 1795 585 1864 vinus
613 1811 740 1882 est,
779 1811 853 1862 ut
881 1817 1153 1864 sacrum
1183 1795 1365 1885 apud
1402 1795 1583 1886 ipsos
1608 1795 1885 1883 faceret,

386 1929 740 2002 propterea
779 1914 963 2002 quod
1013 1913 1426 1981 catholicum
1460 1914 1880 1982 sacerdotem

388 2028 714 2098 haberent
742 2030 1030 2098 nullum.
1053 2029 1336 2099 Nobiles
1356 2029 1514 2099 item
1544 2031 1880 2118 duo,cum

389 2168 429 2213 a
492 2145 809 2213 Rutheno
858 2144 1202 2213 sacerdote
1238 2145 1672 2214 matrimonio
1725 2168 1881 2215 con-

389 2261 591 2350 juncti
655 2279 900 2348 essent,
952 2278 1024 2328 ut
1072 2260 1403 2331 catholico
1448 2262 1579 2331 ritu
1634 2263 1879 2330 iterum

389 2363 979 2468 conjungerentur,
1059 2377 1329 2467 petiere.
1413 2379 1515 2446 Ex
1576 2401 1657 2448 eo
1731 2379 1883 2446 loco

395 2493 914 2582 Duneburgum,
953 2493 1109 2561 inde
1153 2494 1569 2582 Illuxenum,
1599 2493 1883 2563 Curlan-

390 2609 540 2678 diae
601 2609 956 2700 oppidum,
1009 2609 1157 2699 ipso
1215 2610 1481 2679 sabbati
1524 2610 1735 2679 sancti
1773 2609 1882 2680 die

390 2741 865 2817 pervenerunt.
911 2723 1096 2794 Urbs
1148 2742 1291 2794 tota
1343 2725 1599 2794 haeresi
1639 2725 1885 2795 infecta

388 2859 514 2927 est,
545 2839 1044 2930 hospitiumque
1091 2842 1173 2909 P.
1233 2842 1606 2911 Possevino
1652 2840 1719 2910 in
1756 2863 1882 2932 pa-

388 2955 575 3023 rochi
667 2958 975 3046 luterani,
1050 2976 1283 3051 utpote
1358 2960 1884 3051 opulentissimi,
