2192 3392
1015 347 1093 358 ..
1139 313 1176 374 8
1215 348 1294 360 -

420 541 608 610 niore
680 562 906 610 rerum
997 531 1589 611 Moscoviticarum
1666 541 1896 631 cogni-

418 656 625 743 tione,
674 655 1080 745 scientiaque
1120 658 1478 726 instructus
1514 658 1581 726 in
1628 659 1894 727 Mosco·

419 772 597 841 viam
653 772 734 839 P.
791 773 1199 842 Possevinus
1235 774 1629 863 perveniret,
1666 790 1898 843 auctor

422 885 517 953 illi
568 886 719 972 suit,
753 904 827 954 ut
865 907 1091 953 secum
1126 886 1404 954 Disnam
1457 904 1653 975 atque
1693 886 1896 954 Polo-

419 1001 591 1069 tiam.
627 1000 1178 1089 proficisceretur,
1217 1024 1354 1091 quo
1402 1002 1636 1093 paucis
1661 1000 1899 1069 diebus
1929 1025 1936 1030 ·

420 1138 583 1184 suus
637 1138 673 1184 e
724 1114 1069 1184 Moscovia
1139 1116 1394 1205 legatus
1441 1133 1582 1184 erat
1644 1116 1896 1184 reditu-

419 1255 534 1301 rus
571 1244 655 1306 20,
702 1224 914 1311 Disna
942 1242 996 1274 2¹
1040 1252 1157 1298 arx
1196 1247 1294 1299 est
1337 1229 1406 1297 in
1436 1231 1616 1299 Alba
1657 1231 1899 1299 Russia

419 1372 499 1419 ex
540 1348 839 1417 Polotiae
868 1345 1078 1415 ruinis
1121 1346 1208 1415 ad
1258 1346 1529 1416 Dunam
1579 1348 1897 1417 Disnam-

424 1490 554 1557 que
608 1465 880 1552 fluvios,
946 1462 1190 1533 abhinc
1244 1464 1438 1530 annis
1490 1464 1900 1554 quindecim,

426 1583 836 1665 constructa}
867 1578 1072 1647 Vilna
1120 1577 1417 1667 quinque
1463 1578 1715 1652 circiter
1757 1578 1901 1647 die-

424 1720 575 1767 rum
614 1696 847 1765 itinere
884 1694 1162 1763 distans,
1211 1692 1372 1779 Hic,
1403 1693 1568 1761 dum
1603 1693 1897 1783 legatum

358 1894 365 1899 ⁵
420 1813 888 1905 opperiuntur,
920 1810 1063 1879 dies
1101 1809 1353 1899 aliquot
1394 1808 1627 1878 Nostri
1663 1830 1897 1897 super-

421 1931 770 2014 sederunt3
824 1949 961 2015 quo
1007 1942 1333 2015 tempore,
1388 1946 1472 1991 ne
1521 1922 1904 1992 diffluerent

422 2045 588 2132 otio,
620 2065 899 2113 munera
938 2038 1282 2111 Societatis
1319 2040 1387 2107 in
1436 2038 1582 2131 ipso
1611 2038 1899 2108 exercitu

424 2160 693 2253 exsequi
746 2175 1140 2250 coeperunt3
1194 2156 1400 2225 semel
1456 2154 1660 2223 etiam
1717 2156 1899 2245 apud

425 2278 682 2367 Regem
772 2273 869 2342 P.
972 2269 1378 2338 Possevinus
1469 2269 1901 2340 concionatus

426 2414 525 2466 est
556 2405 641 2481 2²,
680 2413 817 2483 qua
859 2390 930 2459 in
968 2388 1284 2469 concione
1319 2388 1650 2479 insignem
1692 2388 1900 2456 animi

423 2514 739 2605 pietatem
809 2514 969 2597 prae
1036 2526 1108 2572 se
1169 2502 1316 2570 tulit
1375 2503 1592 2571 bonus
1673 2487 1901 2593 utique

434 2634 613 2715 Rex3
642 2624 929 2696 ostendit
958 2621 1137 2691 enim
1191 2622 1390 2689 Pater
1428 2638 1576 2691 tum
1625 2621 1900 2690 demum

432 2748 655 2837 ipsum
694 2731 969 2809 Domini
1015 2757 1283 2827 pugnas
1330 2752 1813 2825 pugnaturum,
1844 2733 1898 2803 si

435 2882 583 2931 tum
609 2856 748 2928 suis
786 2852 1136 2938 militibuS‚
1165 2850 1287 2940 qui
1333 2850 1522 2920 mixti
1557 2866 1774 2919 essent
1818 2872 1898 2918 ex

429 2974 809 3069 colluvione
840 2966 1148 3038 omnium
1191 2964 1522 3059 gentium,
1552 2981 1698 3034 tum
1727 2964 1902 3035 bello
