2192 3392
796 395 872 405 .-
921 360 1001 440 57
1035 392 1122 435 .--

204 607 388 659 runt.
428 589 510 657 In
548 591 768 681 Reges
799 590 1051 658 mirum
1074 588 1505 679 obsequium,
1528 590 1698 658 mira

209 722 308 774 est
360 706 822 792 observantia,
872 707 1043 775 adeo
1095 725 1170 776 ut
1221 730 1336 775 eos
1384 707 1700 798 opinione

209 820 517 909 quadam
562 819 933 889 divinitatis
998 822 1214 891 colere
1265 823 1618 892 videantur
1679 845 1695 890 :

209 934 395 1025 ipsos
436 934 603 1003 scire
633 935 894 1020 omnia,
928 958 1130 1025 posse
1154 954 1220 1006 et
1265 936 1514 1007 habere
1547 960 1698 1007 om-

116 1089 122 1095 ·
210 1050 325 1119 nia
382 1050 510 1119 sibi
554 1052 1010 1141 persuadent,
1076 1055 1400 1147 illamque
1464 1053 1724 1125 vocem'
1823 1141 1832 1149 ·

210 1168 448 1237 crebro
524 1187 855 1260 usurpant
914 1196 931 1240 ε
1008 1172 1194 1240 Deus
1268 1190 1333 1242 et
1406 1172 1702 1263 Magnus

211 1282 539 1374 Princeps
604 1304 857 1355 norunt
931 1289 1189 1357 omnia.
1263 1287 1447 1357 Cum
1502 1288 1703 1357 alicui

210 1400 383 1469 bene
418 1420 807 1491 precantur,
839 1420 955 1471 aut
992 1401 1159 1492 quid
1210 1400 1704 1470 asseverantius

210 1516 582 1605 affirmant,
632 1518 797 1587 illud
853 1519 1108 1588 habent
1154 1518 1223 1587 in
1256 1540 1370 1587 ore
1413 1542 1429 1585 :
1478 1517 1585 1585 Ita
1618 1516 1704 1586 sit

210 1634 365 1703 felix
393 1633 693 1726 Magnus
732 1653 959 1705 noster
992 1634 1340 1726 Princeps,
1383 1631 1705 1703 Similiter

212 1772 372 1821 cum
404 1750 589 1841 apud
630 1751 781 1820 illos
820 1751 1112 1845 regionis
1158 1748 1443 1839 alicujus
1481 1772 1702 1818 mores

214 1884 277 1935 et
306 1865 610 1937 instituta
657 1868 1047 1955 laudantur,
1080 1881 1200 1933 aut
1240 1885 1497 1933 novum
1533 1862 1704 1953 quid

213 1982 592 2071 exhibetur,
619 2005 776 2052 cum
803 1983 1108 2074 quodam
1134 1979 1404 2050 fastidio
1433 2000 1705 2069 respon-

215 2100 403 2188 dent,
473 2080 812 2190 Magnum
871 2098 1262 2190 Principem
1327 2117 1528 2166 nosse
1586 2096 1703 2165 illa

215 2215 479 2304 omnia,
519 2199 865 2308 multoque
892 2217 1089 2308 plura
1118 2215 1223 2284 his
1253 2214 1525 2283 habere.
1575 2213 1706 2283 Re-

214 2332 317 2423 gis
348 2354 592 2401 caussa
639 2333 905 2402 nullum
954 2332 1332 2423 periculum
1364 2347 1704 2417 recusant,

214 2448 492 2537 ejusque
528 2447 811 2539 irnperio
854 2450 1110 2517 alacres
1145 2470 1226 2517 eo
1268 2446 1702 2539 proficiscun-

214 2583 326 2635 tur
354 2560 538 2634 unde
567 2587 919 2656 nunquam
959 2565 1083 2635 sibi
1132 2565 1554 2635 redeundum
1585 2585 1708 2654 pu-

214 2700 386 2752 tant.
443 2683 650 2751 Ducis
707 2705 849 2751 sese
904 2681 1250 2772 mancipia
1306 2680 1707 2772 profitentur

217 2798 538 2885 universi,
570 2814 634 2867 et
678 2797 1010 2887 quidquid
1041 2814 1160 2866 aut
1186 2796 1281 2865 rei
1326 2794 1705 2883 familiaris,

218 2931 338 2984 aut
388 2913 753 2984 liberorum
804 2914 1056 2983 habent
1103 2911 1343 3004 Magni
1393 2912 1600 2982 Ducis
1638 2935 1708 2980 se

219 3032 545 3103 beneficio
588 3031 949 3123 possidere.
986 3022 1266 3101 Nobiles
1312 3029 1427 3117 qui
1458 3024 1706 3096 vocan-

1473 3168 1498 3213 5
