2192 3392
427 579 523 649 cis
567 576 1116 668 superstitiosum
1164 591 1286 643 est.
1355 575 1495 645 Ubi
1548 598 1706 644 vero
1756 592 1912 666 pos·-

426 712 726 765 tretnum
820 692 1148 762 ferculum
1238 709 1337 761 est
1411 690 1912 777 ministratum,

434 810 829 881 adolescens
869 808 1007 895 ille,
1057 808 1174 898 qui
1210 807 1293 876 P.
1342 806 1711 876 Possevho
1747 806 1912 875 assi-

434 927 670 1015 debat,
707 925 876 996 Cleb
911 926 1000 993 da
1030 926 1159 1012 sol,
1197 924 1438 1016 inquit,
1479 924 1545 991 id
1588 940 1687 991 est
1721 921 1913 1013 panis

431 1060 496 1112 et
546 1044 673 1128 sal,
731 1063 905 1133 quae
948 1040 1242 1120 absoluti
1307 1038 1573 1130 prandii
1621 1038 1911 1106 formula

434 1179 559 1231 est.
599 1162 776 1228 Eam
793 1178 953 1229 vero
980 1179 1021 1225 a
1050 1153 1288 1251 Sergio
1323 1155 1666 1225 Monacho
1692 1151 1751 1197 ³⁶
1795 1155 1914 1222 ha-

435 1274 663 1346 buisse
711 1273 1041 1365 originem
1088 1288 1661 1358 commemorant,
1712 1292 1916 1359 quem

432 1410 587 1463 ante
616 1412 743 1462 cxc
776 1412 1036 1461 annum
1071 1405 1428 1458 mortuum
1477 1406 1543 1456 et
1587 1404 1916 1476 tanquam

437 1512 505 1582 in
566 1511 775 1588 Divos
836 1510 1154 1593 relatum,
1213 1504 1687 1605 miraculisque
1757 1504 1918 1572 cele-

436 1626 624 1697 brem
655 1646 923 1695 summa
946 1645 1108 1693 cum
1132 1621 1447 1717 religione
1480 1620 1701 1690 Mosci
1726 1642 1920 1689 vene·
1989 1601 1995 1607 ⁵

440 1759 719 1827 rantum,
768 1741 825 1809 is
854 1739 1077 1837 enim,
1122 1738 1289 1807 dum
1333 1738 1515 1829 apud
1549 1761 1619 1807 se
1669 1739 1916 1807 Deme·

438 1856 606 1926 trius
689 1876 978 1946 magnus
1065 1853 1215 1922 Dux
1292 1852 1764 1939 accumberet,
1841 1852 1918 1920 iis

439 1971 661 2044 verbis
705 1972 1110 2041 daemonem
1153 1992 1189 2039 e
1231 1970 1391 2039 cella
1438 1969 1706 2060 fugasse
1752 1969 1916 2039 dici-

439 2106 591 2175 tur,
664 2104 1035 2178 putantque
1104 2085 1334 2155 itidem
1403 2085 1625 2154 Mosei
1678 2084 1917 2153 iisdem

442 2226 644 2273 omne
695 2206 956 2274 malum
1003 2202 1240 2272 averti.
1283 2200 1580 2272 Sublatis
1644 2201 1918 2287 mensiS‚

446 2320 679 2391 Nostri
694 2340 855 2393 sese
885 2318 954 2386 in
989 2317 1377 2387 cubiculum
1421 2338 1751 2407 recepere,
1784 2343 1919 2411 quo

444 2437 676 2507 statim
701 2435 981 2532 *ingressi
1003 2452 1161 2503 sunt
1191 2433 1502 2513 Pristavi,
1537 2452 1611 2503 ut
1653 2456 1768 2503 eos
1798 2457 1920 2526 pro

444 2553 657 2646 gentis
689 2574 880 2621 more
909 2550 1111 2622 variis
1136 2550 1594 2642 potationibus
1629 2550 1921 2622 oblecta-

446 2687 628 2757 rent3
681 2691 852 2759 quos
892 2669 975 2736 P.
1031 2668 1446 2737 Possevinus
1500 2666 1724 2758 rejecit
1771 2690 1812 2736 a
1855 2646 1922 2735 se

446 2786 702 2870 dicem,
751 2801 1032 2852 naturae
1096 2805 1166 2851 se
1211 2782 1486 2872 quidem
1555 2784 1925 2853 necessitati

448 2898 872 2982 satisfecisse,
903 2898 1281 2965 sacerdotes
1318 2920 1503 2984 vere,
1544 2897 1662 2987 qui
1711 2895 1926 2985 quoti-

448 3012 557 3081 die
582 3012 833 3082 Christi
875 3029 1379 3081 sacrosanctum
1425 2988 1672 3103 corpus
1715 3011 1924 3081 susci·
