2192 3392
397 537 656 604 nerent,
687 543 824 610 quo
858 538 1158 610 spectare
1196 542 1435 589 omnes
1464 522 1882 613 spectarique
1984 587 1993 597 .

398 638 684 707 vicissim
756 655 1053 728 possent.
1126 638 1353 728 Ipsius
1420 660 1578 707 vero
1648 642 1883 733 Magni

399 752 603 822 Ducis
633 753 1020 822 cubiculum
1049 752 1288 821 iisdem
1338 769 1482 822 erat
1529 735 1883 824 subsellio-

275 926 299 961 ,
395 893 548 940 rum
599 869 950 937 ordinibus
1003 861 1437 956 instructum,
1508 869 1577 936 in
1634 871 1887 958 quibus

406 975 620 1060 multo
651 991 873 1079 plures
913 966 1262 1078 purpurati
1294 988 1642 1056 sedebant.
1684 987 1886 1054 Hanc

401 1122 933 1197 purpuratorum
1032 1104 1536 1172 multitudinem
1629 1125 1887 1193 nequa-

403 1242 614 1310 quam
669 1221 1087 1289 ordinarium
1151 1242 1294 1288 esse
1361 1218 1599 1287 dicitur
1654 1217 1889 1307 Magni

409 1338 615 1407 Ducis
642 1336 1076 1420 famulatum,
1106 1335 1221 1403 sed
1249 1357 1372 1426 pro
1405 1352 1707 1426 tempore
1734 1357 1888 1404 con-

407 1452 562 1520 duci
590 1504 609 1536 ,
664 1467 737 1517 ut
814 1472 892 1518 ea
967 1449 1221 1517 ratione
1278 1449 1606 1539 pretiosae
1677 1467 1891 1517 vestes

408 1569 560 1636 illae
583 1583 1002 1656 exponantur
1033 1565 1385 1655 majorque
1415 1569 1735 1634 numerus
1767 1588 1891 1633 au-

409 1687 687 1756 licorum
731 1686 1052 1754 videatur.
1101 1669 1361 1754 Solium
1406 1685 1642 1775 Magni
1690 1674 1893 1752 Ducis
1946 1751 1949 1753 Α

408 1803 727 1893 gradibus
766 1801 1031 1869 duobus
1071 1800 1411 1880 eminebat
1443 1823 1477 1868 e
1516 1818 1720 1884 terra,
1750 1799 1892 1885 ejus

408 1923 626 1987 cultus
686 1917 982 1986 maxime
1025 1917 1196 1985 inter
1231 1936 1487 1985 ceteros
1537 1915 1892 2006 splendore

409 2052 474 2103 et
519 2033 1013 2126 magnificentia
1057 2029 1447 2116 notabatur,
1487 2053 1765 2100 auream
1795 2047 1895 2099 tu-

411 2149 634 2216 nicam
685 2169 993 2238 gemmae
1045 2149 1338 2215 intextae
1372 2144 1751 2214 admirabili
1784 2166 1893 2211 ar-

408 2264 556 2332 ficio
582 2262 986 2354 pingebant3
1015 2286 1092 2330 ex
1120 2262 1417 2331 humeris
1437 2260 1695 2353 epomis
1724 2260 1896 2345 ejus·

409 2381 564 2449 dem
587 2379 804 2470 operis
824 2379 1344 2463 demittebatur,
1378 2378 1679 2467 singulos
1719 2376 1890 2466 digi-

415 2516 519 2567 tos
535 2496 672 2565 bini
694 2494 944 2562 ternive
967 2492 1196 2559 annuli
1220 2491 1588 2581 grandibus
1612 2489 1896 2579 gemmis

411 2611 675 2680 insertis
701 2608 1073 2692 ornabant3
1122 2623 1463 2698 sceptrum
1502 2623 1891 2697 argenteum
1973 2620 1980 2627 ·

411 2744 578 2813 erat,
611 2724 974 2817 episcopali
1010 2724 1174 2792 lituo
1204 2723 1449 2808 simile,
1487 2744 1685 2807 aum,
1712 2743 1892 2809 gem·

413 2846 670 2930 misque
706 2857 1195 2925 constructum,
1221 2839 1484 2906 Possok
1524 2836 1743 2906 Mosci
1778 2860 1896 2906 no-

415 2960 719 3042 minant3
752 2978 984 3024 ocreae
1018 2959 1257 3044 (neque
1296 2954 1477 3023 enim
1516 2949 1897 3023 calceorum
