2192 3392
1036 325 1117 336 -.
1160 293 1242 354 28
1284 327 1363 337 -.

442 544 599 593 mus
645 539 861 592 crater
906 522 1030 592 fuit
1078 546 1118 591 e
1175 526 1520 616 crysta110,
1569 526 1660 595 ab
1715 528 1916 597 labris

442 662 613 708 auro
646 638 1147 707 circumclusus.
1191 640 1396 709 Ducis
1427 642 1562 713 filio
1599 666 1725 711 sua
1752 666 1921 734 quo-

442 778 576 847 que
601 757 760 824 data
789 777 1072 824 munera
1101 778 1180 823 ex
1217 756 1457 825 iisdem
1483 760 1812 848 gemmis3
1842 762 1926 829 ad

446 872 806 964 conjugem
864 872 1025 941 item
1052 883 1144 958 4¹,
1195 894 1274 940 ex
1316 894 1456 962 qua
1501 874 1803 946 Joannes
1849 877 1928 944 fi-

448 990 576 1059 lius
614 1005 814 1056 natus
857 1004 983 1074 est,
1026 988 1336 1056 Pontifex
1394 989 1739 1058 Maximus
1782 1013 1928 1062 mu·

446 1129 611 1176 nera
668 1106 1053 1194 litterasque
1088 1103 1392 1192 dederat,
1441 1105 1561 1174 sed
1600 1128 1753 1175 eam
1797 1108 1928 1176 vita

446 1226 587 1315 jam
649 1222 913 1314 pridem
983 1220 1288 1291 functam
1371 1222 1718 1312 cognitum
1782 1243 1927 1312 est,

446 1360 792 1431 quamque
835 1337 987 1405 Dux
1016 1353 1177 1405 tunc
1219 1335 1288 1404 in
1331 1336 1767 1407 matrimonio
1806 1336 1930 1408 ha·

451 1460 664 1545 beret,
688 1478 838 1526 eam
859 1456 1213 1547 septimam
1244 1477 1524 1525 uxorem
1545 1479 1712 1527 esse.
1748 1458 1932 1548 Dux,

451 1572 850 1643 muneribus
884 1569 1169 1661 singulis
1204 1570 1552 1660 diligenter
1593 1570 1932 1662 inspectiS,

452 1713 531 1759 ea
572 1710 842 1757 rursum
875 1689 955 1758 P.
998 1688 1370 1757 Possevino
1417 1688 1632 1776 reddi,
1673 1688 1925 1781 ipsum-

452 1827 614 1897 que,
676 1825 849 1892 quae
908 1803 981 1872 in
1029 1801 1369 1871 mandatis
1426 1794 1730 1892 haberet,
1775 1826 1936 1881 cum

452 1920 895 2021 Senatoribus
934 1938 997 1989 et
1033 1919 1448 1990 Consiliariis
1479 1943 1675 2012 agere
1711 1922 1933 2011 jussit,

453 2054 653 2127 atque
685 2038 748 2105 in
780 2059 937 2105 eum
965 2036 1191 2126 ipsum
1237 2035 1418 2104 diem
1462 2036 1550 2137 ad
1590 2055 1934 2127 panemet

454 2141 552 2225 sal
585 2154 915 2240 invitavit,
946 2175 1122 2243 quae
1167 2152 1557 2220 Moscorum
1593 2152 1682 2221 ad
1711 2155 1934 2223 convi-

452 2272 642 2340 vium
692 2269 1123 2339 invitantium
1167 2268 1458 2337 formula
1518 2283 1641 2337 est.
1697 2270 1935 2362 Itaque

395 2442 399 2447 .
451 2407 607 2455 cum
635 2386 722 2453 ad
759 2383 1034 2454 inferius
1062 2384 1560 2475 hypocaustum
1600 2406 1641 2452 a
1675 2386 1932 2455 Prista-

450 2501 551 2570 vis
584 2499 853 2569 deducti
886 2500 1120 2569 Nostri
1153 2517 1400 2584 essent,
1433 2498 1668 2567 eodem
1696 2501 1930 2589 paullo

447 2632 601 2708 post
620 2613 998 2685 Consiliarii
1032 2632 1352 2703 quatuor,
1379 2614 1731 2706 Regnique
1749 2615 1929 2686 Can·

452 2734 759 2803 cellarius
788 2748 1244 2801 convenerunt
1269 2742 1360 2816 4²,
1386 2731 1755 2820 ceterisque
1788 2756 1936 2802 om·

453 2848 651 2917 nibus
701 2847 1119 2932 exeuntibuS,
1171 2839 1258 2915 P.
1327 2846 1738 2916 Possevinus
1816 2872 1935 2940 per

456 2962 865 3035 semihoram
937 2959 1286 3028 pontificis
1367 2960 1652 3029 Maximi
1738 2985 1937 3034 man-

2147 954 2154 987 .-
