2192 3392
328 258 490 264 ——--—
506 258 525 261 —
546 255 1537 262 -—--———-—·—————--b—-——-—--———
1555 253 1585 257 —
1608 254 1613 257 -
1625 254 1672 258 ->-
1693 255 1704 257 -
1755 255 1799 259 —

904 294 1227 356 ..83-

323 525 558 594 feriam
587 525 731 593 sine
778 526 917 593 ullo
961 525 1107 594 cibo
1137 523 1558 615 transiguntt,
1597 523 1793 592 tertia

321 664 486 728 vero·
517 659 581 709 et
625 642 865 730 quinta
920 639 1082 708 feria
1140 639 1346 708 semel
1406 640 1631 709 cibum
1686 662 1799 708 ca-

319 758 539 847 piunt.,
603 772 1009 847 peccataque
1085 755 1414 823 sacerdoti
1483 755 1796 841 confessi,
1850 843 1857 848 Ι

324 873 610 942 sabbato
639 873 918 940 demum
945 872 1050 940 die
1086 871 1336 965 Chtfisti
1380 893 1625 962 corpus
1656 895 1798 938 sus·
1864 944 1869 950 ,

323 989 600 1081 cipiunt.
653 990 732 1057 In
794 988 1103 1057 universa
1150 987 1498 1056 Moscovia
1564 988 1799 1078 ingens

322 1109 897 1178 Monasteriorum
916 1109 1275 1176 multitudo
1289 1110 1605 1195 cernitur,
1631 1109 1800 1177 adeo

323 1217 397 1293 ut
449 1225 515 1293 in
564 1225 832 1294 duabus
887 1225 1266 1293 civitatibus
1319 1224 1668 1294 Moscovia
1738 1242 1802 1293 et

239 1329 242 1331 Α
325 1341 762 1431 Novogardia
803 1360 931 1426 144
953 1339 1280 1409 coenobia
1308 1359 1794 1409 numerantur:

321 1478 536 1524 unum
568 1478 649 1523 ex
687 1455 792 1523 his
829 1456 899 1524 in
938 1455 1352 1524 Boristhenis
1405 1455 1552 1545 ripa
1598 1457 1804 1524 situm

325 1569 561 1664 Nqstri
587 1570 1098 1660 perlustrarunt.
1133 1570 1248 1636 Ad
1285 1571 1616 1660 templum
1657 1592 1804 1660 gra-

219 1733 222 1735 *
321 1685 524 1754 dibus
560 1684 1096 1754 adscendebatur
1132 1708 1149 1752 :
1202 1685 1269 1753 in
1305 1685 1447 1773 ejus
1478 1685 1803 1754 vestibulo

320 1800 544 1869 culin'a
578 1817 642 1868 et
687 1800 992 1869 coenatio
1043 1799 1194 1886 fuit,
1244 1801 1495 1868 mensis
1548 1801 1802 1870 circum

321 1916 648 2004 instructa
680 1916 1009 2006 angustis,
1039 1916 1283 2006 quibus
1314 1917 1410 2015 ab,
1436 1939 1571 1984 uuo
1601 1918 1804 1987 latere

233 2109 242 2118 ‚
321 2031 788 2101 discumbitur.
831 2033 909 2100 In
954 2053 1113 2100 area
1162 2033 1453 2122 spatiosa
1497 2033 1803 2116 cubicula

318 2147 708 2216 visebantur
745 2148 988 2234 multa,
1020 2149 1216 2217 certis
1245 2148 1607 2216 intervallis
1636 2149 1805 2218 inter

318 2288 389 2332 se
417 2263 776 2354 disjuncta,
798 2280 1090 2332 ceterum
1111 2265 1377 2333 fumosa
1395 2287 1474 2333 ac
1497 2265 1795 2333 sordida.

325 2380 578 2449 Nullus
607 2379 695 2448 ibi
724 2381 956 2466 lectuS‚
982 2381 1165 2448 nulla
1186 2379 1443 2466 tabula,
1471 2399 1589 2449 aut
1613 2380 1803 2449 sedes

317 2515 581 2589 praeter
621 2520 761 2582 eas,
794 2518 968 2586 quae
1007 2497 1259 2566 circum
1300 2498 1797 2588 hypocaustum

318 2613 555 2704 parieti
597 2630 753 2680 sunt
788 2612 1051 2699 affixae,
1091 2613 1340 2702 quibus
1384 2636 1509 2704 pro
1555 2614 1806 2682 tabulis

319 2729 637 2816 lectisque
682 2727 1181 2796 cubicularibus
1228 2745 1531 2797 utuntur.
1576 2731 1653 2797 In
1700 2731 1805 2800 his

319 2843 660 2912 coenobiis
703 2865 991 2933 magnus
1029 2844 1519 2913 monachorum
1562 2868 1801 2915 nume-

322 2982 438 3028 rus
477 2977 600 3045 est,
621 2958 776 3027 alibi
809 2976 1107 3046 centum5
1137 2959 1292 3028 alibi
1330 2959 1799 3047 ducentorum,
