2192 3392
896 334 965 344 ..
1022 301 1101 377 59
1149 334 1216 347 ..-

302 532 519 603 venit.
578 532 777 599 Faxit
831 531 1039 619 DeuS‚
1091 547 1166 599 ut
1216 528 1836 621 quemadmodum·

302 650 475 717 haec
514 646 745 715 missio
780 625 1043 715 bellum‘
1071 646 1543 737 gravissimum
1579 646 1804 715 conse·

307 763 425 849 cit,
483 762 578 830 sie
630 761 834 830 etiam
888 743 1438 851 stiperstitionum
1491 762 1801 829 omnium

304 880 515 965 finem
565 877 818 962 fecerit,
849 894 921 944 ut
968 899 1102 944 non
1149 878 1372 945 solum
1405 899 1559 946 cum
1604 864 1802 945 Polo-

308 995 413 1061 nis
446 993 696 1079 Mosei,
728 993 846 1061 sed
880 993 1101 1060 multo
1140 992 1341 1061 etiam
1372 994 1589 1084 magis
1646 1015 1802 1061 cum

312 1112 632 1178 Romana
676 1108 951 1178 ecclesia
993 1108 1525 1195 reconcilientur,
1565 1108 1654 1178 ab
1686 1130 1801 1177 ea·

304 1250 440 1317 que
472 1226 786 1316 deinceps
829 1246 1024 1293 veros
1069 1224 1236 1293 ritus
1283 1247 1362 1292 ac
1411 1224 1799 1315 religionem

303 1358 563 1433 petant.
623 1342 826 1409 Nunc
870 1340 1193 1429 quoniam
1235 1341 1318 1407 de
1362 1341 1799 1410 Moscovitica

154 1483 203 1537 ·,
304 1456 627 1547 missione
678 1478 901 1525 sermo
950 1473 1075 1541 est,
1127 1478 1265 1524 non
1315 1456 1609 1524 alienum
1655 1480 1797 1525 esse
1855 1526 1861 1533 ,

308 1571 573 1641 videtur
627 1571 711 1640 de
768 1572 1181 1640 Moscorum.
1224 1572 1529 1640 moribus
1581 1592 1798 1660 pauca

306 1709 387 1756 ex
456 1687 538 1754 P.
581 1686 865 1754 Joannis
920 1684 1118 1754 Pauli
1170 1683 1510 1776 Campani
1569 1686 1798 1756 litteris

308 1804 496 1892 (nam
541 1801 623 1868 de
658 1801 893 1870 iisdem
932 1790 1156 1897 Patris
1197 1802 1401 1870 etiam
1446 1802 1796 1871 Possevini

303 1918 831 1986 commentarius
867 1935 1127 1985 exstare
1164 1917 1406 1985 dicitur
1431 1916 1489 1977 ⁶9
1519 1918 1796 2008 >propo-

310 2055 491 2102 nere.
521 2032 873 2100 Moscovia
908 2032 1076 2101 inter
1116 2030 1492 2124 Scythiam,
1518 2030 1796 2101 Sarma-

309 2153 611 2239 tiamque
638 2169 843 2236 supra
866 2148 1127 2216 Tanais
1157 2147 1401 2235 fonte5‚
1456 2170 1668 2237 usque
1711 2148 1796 2216 ad

306 2267 675 2357 Caspium,
728 2283 1250 2353 concretumque
1308 2285 1494 2331 mare
1556 2264 1798 2332 vastis-

310 2382 486 2451 simo
523 2398 736 2450 tractu
774 2379 1172 2448 extenditur.
1206 2378 1571 2447 Terminos
1601 2378 1801 2449 habet

311 2499 400 2567 ab
432 2497 684 2566 oriente
708 2494 1078 2562 Tauricam
1111 2490 1485 2585 Scythiam,
1507 2493 1595 2562 ab
1624 2494 1801 2562 occi-

296 2616 511 2683 'dente
544 2610 932 2695 Livoniam‚
963 2632 1002 2677 a
1036 2609 1315 2678 meridie
1363 2607 1800 2695 Sarmatiam,

313 2752 353 2797 a
386 2725 863 2818 septemtrione
884 2704 1640 2813 Oceanum-glacialem.
1669 2724 1804 2791 To-

309 2863 422 2912 tus
482 2826 652 2911 vero·
682 2856 937 2910 tractus
975 2838 1254 2907 circuitu
1297 2838 1542 2929 colligit
1580 2839 1804 2908 leucas

307 2961 465 3051 plus
531 2958 740 3028 mille.
808 2957 1038 3045 Hujus
1112 2956 1341 3046 populi
1410 2958 1626 3024 Mosei
1683 2938 1799 3022 seu

1533 3108 1580 3147 4.
