2192 3392
989 347 1062 360 ..
1110 333 1188 394 72
1236 347 1312 359 .-

409 546 497 614 ad
535 545 910 630 sinistrum,
933 561 1000 612 et
1036 540 1326 634 Spiritus
1357 540 1623 630 Sancti3
1656 543 1887 614 dicunt

407 662 590 730 enim
626 677 756 729 tres
785 661 934 730 illos
985 663 1311 751 AngeIOS‚
1344 683 1517 751 quos
1558 659 1625 729 in
1676 662 1885 729 sacris

409 776 640 845 litteris
693 777 1094 846 Abrahamo
1138 777 1529 868 apparuisse
1575 777 1884 869 legimus,

407 893 672 961 divinae
759 892 1115 976 Trinitatis
1186 893 1553 983 imaginem
1624 915 1889 983 reprae-

408 1027 732 1094 sentasse,
782 1031 859 1078 ac
912 1009 1183 1078 Patrem
1241 1009 1570 1095 medium,
1619 1008 1776 1077 hinc
1820 1027 1889 1078 et

406 1125 584 1211 hinc,
631 1125 865 1194 dextra
913 1124 1193 1208 Filium,
1242 1124 1509 1193 sinistra
1556 1122 1886 1215 Spiritum

404 1236 729 1307 Sanctum
826 1239 1056 1307 fuisse.
1142 1236 1663 1328 sanctissimum
1740 1240 1885 1308 Eu-

399 1354 754 1422 charistiae
793 1352 1309 1423 Sacramentum
1348 1376 1428 1422 ex
1476 1354 1884 1424 fermentato

401 1471 790 1556 conficiunt,
835 1470 1036 1560 idque
1091 1469 1221 1538 sub
1291 1487 1575 1561 utraque
1634 1471 1882 1561 specie,

401 1585 588 1653 calici
635 1584 842 1653 divini
881 1584 1225 1675 sanguinis
1274 1609 1447 1676 pane
1487 1586 1740 1673 infuso,
1774 1609 1886 1656 co-

402 1702 777 1771 chlearibus
843 1706 1102 1794 populo
1160 1703 1503 1773 dividitur.
1565 1704 1883 1774 Latinam

401 1817 745 1887 ecclesiam
772 1818 930 1886 odio
956 1821 1110 1911 plus
1134 1842 1346 1909 quam
1364 1819 1630 1889 Graeco
1658 1819 1883 1889 detes-

403 1957 634 2008 tantur
695 1964 710 2007 :
766 1960 927 2006 nam
985 1961 1142 2006 cum
1196 1940 1421 2007 nullae
1492 1938 1562 2006 in
1627 1938 1880 2024 Deum,

407 2054 744 2142 Divosque
769 2053 1229 2144 blasphemiae
1256 2055 1425 2122 inter
1454 2074 1571 2122 eos
1600 2053 1885 2121 audian·
1936 2143 1941 2147 ι

400 2186 535 2255 tur,
567 2169 944 2238 dirissimae
967 2186 1194 2239 tamen
1230 2167 1699 2238 exsecrationis
1731 2168 1884 2236 loco

401 2286 682 2354 latinam
755 2285 956 2354 fidem
1029 2285 1315 2354 inimicis
1389 2285 1879 2374 imprecantur.

406 2402 599 2469 Haec
641 2419 705 2470 et
758 2401 887 2469 alia
933 2402 1015 2469 de
1079 2398 1359 2469 Graecis
1425 2400 1639 2468 multa
1690 2397 1887 2467 initio

401 2518 677 2586 Moscos
735 2517 1067 2607 accepisse
1115 2515 1475 2584 verisimile
1512 2531 1643 2601 est3
1690 2530 1878 2604 post,

400 2655 627 2702 rerum
681 2632 1064 2701 divinarum
1120 2630 1518 2723 negligentia
1558 2648 1624 2698 et
1682 2630 1885 2720 igno-

402 2750 598 2834 ratio,
629 2765 699 2815 ut
729 2750 829 2833 fit,
861 2750 1053 2838 longe
1102 2748 1299 2837 plura
1344 2747 1619 2816 invexit.
1665 2745 1887 2815 Nulla

403 2864 583 2929 enim
637 2883 795 2931 sunt
843 2863 908 2929 in
949 2863 1298 2930 Moscovia
1359 2861 1745 2952 gymnasia,
1805 2860 1883 2930 in

405 2974 649 3062 quibus
721 2975 1102 3043 liberalibus
1174 2976 1490 3045 doctrinis
1565 2976 1891 3065 juventus
