2192 3392
880 308 959 318 ...
998 275 1075 357 73
1121 309 1202 321 .-

291 505 725 591 instituatur,
784 503 950 572 nulli
1006 503 1167 574 item
1222 504 1391 572 sacri
1453 505 1783 591 doctoreS,

292 622 407 711 qui
435 619 773 711 populum
810 642 932 710 pro
962 619 1400 688 concionibus
1439 620 1776 691 erudiant.

293 739 693 806 Moscorum
734 704 1104 804 doctissimi
1168 734 1504 804 habentur
1548 736 1621 823 ii,
1669 737 1784 826 qui

301 854 720 925 Ruthenicas
749 853 1001 923 litteras
1031 854 1342 922 calleant.
1379 852 1783 925 Orationem

298 970 731 1039 Dominicam
782 968 1101 1059 perpauci
1153 990 1425 1055 novere,
1484 967 1780 1061 Symbo-

296 1089 444 1157 lum
470 1087 989 1179 Apostolorum,
1023 1086 1255 1155 decem
1293 1086 1511 1177 capita
1546 1090 1782 1157 veteris

296 1207 490 1299 legiS,
523 1206 1150 1297 Salutationemque
1193 1206 1586 1296 Angelicam
1615 1231 1783 1300 pau-

1805 394 1832 419 Ι

297 1320 577 1390 cissimi.
599 1320 1023 1390 Christianae
1045 1338 1389 1412 praeterea
1418 1322 1778 1413 religioniS,
1801 1414 1806 1419 .

295 1458 449 1506 eam
520 1436 982 1526 unusquisque
1030 1436 1235 1505 habet
1301 1437 1778 1529 cognitionem,

268 1547 505 1643 ‘quam
528 1552 925 1641 domestica,
947 1551 1322 1643 puerilique
1358 1544 1776 1625 institutione

288 1691 453 1739 curn
480 1670 759 1739 nutricis
788 1671 958 1740 lacte
1007 1670 1326 1740 hauserit.
1371 1672 1650 1742 Novum
1695 1694 1774 1743 ac
1837 1766 1840 1769 ἱ

292 1803 488 1855 vetus
507 1803 985 1855 testamentum
1004 1809 1274 1856 summa
1291 1809 1450 1867 cum
1463 1787 1778 1879 religione

295 1902 698 1993 suscipiunt,
726 1903 845 1989 sic,
862 1921 935 1972 ut
956 1902 1100 1991 ejus
1119 1904 1436 2002 volumen
1458 1903 1779 1995 attingere
1807 1916 1812 1920 ’

291 2041 430 2087 non
474 2018 796 2104 audeant,
832 2018 955 2087 nisi
1009 2036 1163 2087 ante
1195 2041 1280 2087 vse
1327 2019 1541 2088 crucis
1587 2020 1779 2110 signo

290 2112 725 2226 expiaverint.
768 2133 1084 2222 Quatuor
1132 2133 1292 2202 item
1343 2133 1624 2203 concilia
1665 2126 1778 2226 ge-

292 2249 573 2335 neralia,
629 2266 924 2339 quatuor
996 2252 1419 2342 evangelium
1491 2274 1778 2322 numero

288 2387 499 2456 prope
540 2366 818 2433 ducunt.
859 2366 1115 2435 Multos
1160 2369 1362 2437 etiam
1409 2392 1490 2437 ex
1529 2370 1777 2438 sanctis

291 2480 598 2571 patribus
626 2479 929 2567 GraeciS,
968 2482 1361 2573 Latinisque
1399 2484 1468 2553 in
1517 2486 1776 2553 Ruthe-

293 2596 522 2664 nicum
590 2620 974 2667 sermonem
1057 2621 1420 2668 conversos
1496 2600 1773 2689 habent,

295 2711 379 2779 D.
445 2709 855 2803 Gregorium
918 2714 1346 2802 Pontificem,
1420 2716 1776 2803 Basilium,

290 2812 886 2916 Chrysostomum,
967 2828 1500 2917 Damascenum,
1573 2832 1776 2899 alios-

287 2964 444 3031 que,
472 2965 763 3031 quorum
800 2944 1117 3013 homiliae
1151 2946 1628 3015 celebrioribus
1657 2948 1780 3015 fes-
