2192 3392
448 504 798 596 triticoque
829 507 1192 595 conficitur)
1234 485 1425 595 cujus
1463 523 1728 597 partem
1769 504 1930 575 libat

448 622 785 705 sacerdos,
817 620 1148 711 ceterique
1177 623 1290 713 qui
1322 623 1594 691 adsunt.
1631 622 1926 691 Defunc-

446 757 667 807 torum
695 762 966 829 quoque
994 740 1261 831 cognati
1301 762 1576 831 panem,
1607 739 1928 829 variaque

445 856 696 940 cibaria
735 878 937 946 super
966 858 1308 925 tumulum
1350 874 1740 946 apponunt,
1766 878 1926 944 quo-

444 993 599 1039 rum
658 972 1007 1039 dimidiam
1058 990 1317 1061 partem
1373 972 1501 1040 sibi
1560 972 1770 1040 sumit
1815 994 1922 1039 sa-

444 1087 703 1171 cerdOS,
754 1086 1009 1176 reliqua
1049 1087 1116 1155 in
1171 1110 1498 1177 pauperes
1551 1087 1925 1155 ministros-

442 1225 574 1292 que
676 1203 995 1271 dividitur
1022 1254 1042 1287 ,
1140 1202 1602 1291 locupletiores
1695 1219 1922 1271 autem

441 1319 903 1387 sacerdotibus
947 1320 1177 1401 etiam,
1219 1335 1336 1385 aut
1380 1335 1553 1387 certe
1605 1320 1921 1409 pauperi-

443 1434 887 1523 bus,epulum
909 1434 1097 1518 dant,
1115 1455 1288 1523 quae
1313 1434 1586 1524 quidem
1615 1458 1653 1501 a
1670 1435 1922 1503 Moscis

439 1549 579 1617 fieri
619 1549 863 1617 mirum
900 1568 1022 1635 est,
1065 1570 1222 1616 cum
1271 1549 1312 1616 ii
1341 1548 1640 1619 Graecos
1678 1550 1920 1619 imitati

438 1669 699 1737 nullum
731 1691 873 1737 esse
902 1667 1280 1760 Purgatorii
1305 1668 1531 1736 locum
1559 1682 1820 1757 putent,
1849 1666 1920 1733 in

434 1808 572 1873 quo
628 1786 895 1874 piorum
947 1784 1154 1853 animi
1193 1784 1516 1874 tantisper
1567 1782 1719 1874 igne
1763 1804 1918 1851 cru-

435 1898 717 1986 cientur,
775 1902 941 1969 dum
1009 1901 1096 1970 ab
1145 1900 1462 1969 omnibus
1525 1897 1918 1967 criminibus

434 2015 678 2105 expiati
733 2018 995 2085 evolent
1063 2017 1130 2085 in
1202 2018 1464 2087 coelum
1503 2028 1586 2086 77.
1652 2017 1916 2087 Eodem

433 2153 663 2199 mense
714 2138 805 2199 xit
867 2133 1001 2201 kal.
1070 2132 1186 2222 qui
1243 2134 1383 2201 dies
1447 2132 1520 2203 S.
1581 2134 1912 2221 Helenae,

431 2246 1016 2338 Constantinoque
1053 2250 1452 2338 Imperatori
1493 2269 1593 2320 est
1619 2250 1912 2336 dicatuS,

428 2354 634 2430 aliam
665 2363 915 2432 habent
963 2364 1426 2454 longissimam
1477 2365 1920 2455 supplicatim,

430 2499 622 2563 nem,
688 2500 825 2567 qua
902 2496 1114 2547 totam
1187 2480 1522 2548 civitatem
1596 2482 1904 2550 lustrant.

432 2590 634 2659 Hanc
688 2595 1001 2683 prosequi
1058 2597 1210 2664 Dux
1271 2595 1607 2685 ingressus
1679 2599 1910 2688 paullo

428 2725 579 2796 post
607 2709 891 2776 domurn
926 2711 1296 2781 revertitur.
1338 2712 1534 2782 Diem
1565 2736 1722 2783 vero
1750 2715 1910 2783 Pal-

427 2842 699 2887 marum
719 2821 1040 2910 singulari
1067 2828 1490 2896 caeremonia
1517 2831 1856 2899 celebrant
1885 2856 1902 2902 t

429 2932 993 3019 Metropolitanus
1016 2936 1355 3026 inequum
1377 2944 1506 3011 tela
1544 2946 1907 3019 instratum
