2192 3392
402 412 660 417 -————--
671 413 680 417 -
705 410 1585 419 -——--————-—-————.—.-.-—..
1592 414 1654 419 —--

276 530 430 615 mi5‚
468 506 619 598 tum
647 526 849 597 variis
882 528 1328 620 legationibus
1357 530 1633 622 triginta
1663 531 1766 623 ip-

277 667 385 711 sos
433 624 651 711 annos
719 643 813 711 sic
858 660 1116 712 tentata
1189 661 1313 730 est,
1381 662 1455 713 ut
1529 669 1769 716 omnes

280 759 556 827 tandem
610 774 893 826 conatus
946 760 1035 827 ad
1100 758 1367 853 irritum
1422 761 1764 850 caderent,

280 874 494 941 donec
541 874 687 964 ipsa
736 896 806 941 re
859 874 1139 943 demum
1177 875 1763 966 comprobaretur,

280 1012 434 1058 eum
462 989 644 1081 pacis
670 990 867 1079 hujus
886 1009 1296 1079 sequestrem
1321 1014 1463 1061 esse
1493 992 1762 1080 debere,

214 1138 221 1145 ·
281 1106 384 1173 cui
413 1105 724 1175 Christus
776 1106 956 1173 Deus
999 1124 1225 1175 noster
1265 1130 1493 1176 veram
1528 1130 1763 1199 pacem

282 1221 525 1313 legavit
562 1245 852 1312 suosque
902 1223 1142 1291 fratres
1191 1224 1592 1293 confirmare
1623 1225 1761 1313 jus-

282 1341 389 1409 sit.
438 1341 519 1409 In
569 1342 715 1429 ipsa
775 1362 977 1429 porro
1021 1339 1434 1408 confectione
1492 1358 1556 1409 et
1607 1363 1762 1409 con·

282 1458 581 1526 elusione
632 1456 815 1547 pacis
878 1457 1213 1547 plurimae
1263 1456 1768 1529 intervenerunt

282 1572 731 1658 difficultates,
810 1594 984 1661 quae
1066 1594 1212 1639 rem
1296 1564 1760 1643 distraherent.

283 1687 499 1779 Saepe
562 1688 743 1756 enim
793 1688 1020 1779 legati,
1069 1687 1485 1757 dissensione
1536 1690 1765 1780 aliqua

281 1804 585 1889 suborta,
644 1802 1102 1894 indignante5‚
1173 1803 1260 1872 ad
1326 1826 1488 1871 suos
1548 1804 1766 1895 Reges

280 1918 520 1988 reverti
552 1918 893 2004 volebant,
936 1918 1052 2007 qui
1090 1918 1394 1986 videlicet
1436 1919 1622 1987 omni
1651 1942 1762 1988 ra-

279 2035 459 2103 tione
489 2033 802 2117 placandi
834 2033 1293 2123 retinendique
1322 2051 1534 2103 erant.
1571 2034 1765 2104 Iden-

280 2152 490 2221 tidem
518 2151 722 2220 etiam
746 2150 1075 2220 tabellarii
1098 2152 1166 2219 in
1184 2153 1430 2239 castra,
1453 2153 1765 2223 Vilnam-

278 2294 436 2361 que,
472 2292 608 2359 quo
656 2270 801 2336 Rex
842 2269 1169 2337 Poloniae
1219 2287 1603 2356 secesserat,
1648 2290 1766 2340 aut

277 2386 365 2455 ad
399 2386 745 2468 Moscum‚
791 2386 1060 2474 quince
1101 2406 1427 2474 passuum
1470 2385 1766 2455 millibus

279 2502 537 2587 aberat,
586 2501 668 2568 de
713 2501 1061 2569 mensibus
1097 2500 1491 2569 Decembris
1538 2518 1601 2569 et
1644 2503 1763 2570 Ja-

278 2616 524 2700 nuarii‚
557 2638 827 2683 summa
870 2615 1119 2702 hieme,
1151 2615 1514 2707 frigoribus
1545 2619 1763 2689 maxi-

280 2719 408 2803 mis
448 2734 826 2803 dimittendi
865 2750 1084 2819 erant,
1125 2758 1244 2824 per
1276 2757 1448 2824 quos
1495 2758 1600 2803 res
1645 2737 1760 2806 fie-

281 2870 427 2920 rent
480 2851 840 2941 planiores,
903 2850 1035 2917 His
1108 2851 1429 2919 omnibus
1493 2874 1762 2922 summa

280 2948 503 3037 rerum
541 2967 850 3036 omnium
894 2968 1260 3059 indigentia
1307 2969 1553 3052 inerat;
1605 2993 1762 3039 cum
