2192 3392
300 556 462 602 usus
491 532 616 602 illis
661 533 784 623 est)
824 549 1112 602 rostrata
1159 531 1373 624 specie
1430 531 1775 618 incurvae,

297 651 582 741 gemmis
636 649 866 718 itidem
912 648 1304 717 adornatae.
1339 648 1653 740 Torques
1687 649 1781 718 illi

301 782 492 835 erant
541 767 726 853 duo,
777 765 996 835 aureis
1051 764 1341 854 globulis
1390 763 1781 850 alternatiS,

301 881 810 972 grandibusque
847 883 1160 971 gemmiS‚
1210 878 1431 968 major
1480 878 1646 946 alter
1694 875 1782 944 ad

299 1014 532 1088 pectus
571 1017 782 1085 usque
834 994 1194 1081 demissus,
1238 1015 1320 1062 ex
1366 994 1575 1062 altero
1612 1013 1781 1061 con-

303 1087 808 1181 tractiorecruit
837 1131 1042 1183 aurea
1080 1109 1391 1200 palmum
1417 1109 1642 1199 longa,
1682 1107 1788 1176 di·
1842 1157 1847 1169 .

303 1227 698 1318 gitos··duos
747 1227 881 1294 lata
930 1224 1289 1315 pendebat.
1347 1223 1699 1296 Curunam
1731 1222 1789 1268 ³⁸

305 1341 524 1411 Mosei
561 1341 796 1432 capitis
854 1357 1101 1410 vocant
1146 1340 1449 1431 insigne,
1496 1339 1577 1408 :id
1648 1357 1791 1410 erat

307 1460 524 1529 multo
583 1480 778 1545 aum,
809 1458 1172 1548 multisque
1216 1458 1502 1550 gemmis
1540 1459 1790 1528 illumi-

307 1593 544 1644 natum
595 1574 825 1664 paullo
875 1573 1095 1664 majus
1168 1595 1376 1662 quam
1445 1572 1790 1644 Pontificis

310 1690 599 1760 Maximi
629 1690 824 1777 tiara,
865 1706 1079 1758 cetera
1122 1710 1258 1756 non
1300 1689 1644 1758 dissimile.
1678 1689 1790 1757 Ad

310 1784 919 1874 laevam-Joannes
967 1804 1145 1872 filius
1204 1821 1367 1872 natu
1416 1804 1785 1891 maximnm,

311 1924 555 1991 eodem
603 1938 874 2010 ornatu²
925 1920 1239 1989 inferiore
1277 1920 1444 1989 solio
1489 1921 1787 1990 sedebat.

313 2041 453 2110 Ubi
486 2041 555 2109 in
585 2039 821 2129 Magni
845 2037 1052 2106 Ducis
1083 2056 1519 2128 conspectum
1556 2036 1794 2110 Nostri

310 2170 662 2241 venerunt,
694 2152 981 2223 Senator
1000 2151 1379 2220 Primarius
1406 2151 1794 2246 ³9.surgens.,

313 2272 557 2340 usitato
580 2269 794 2362 gentis
821 2268 890 2336 in
916 2267 1149 2358 legatis
1169 2267 1558 2358 recipiendis
1577 2291 1762 2338 more
1776 2322 1796 2356 .‚

314 2388 491 2456 clara
522 2407 682 2453 voce
728 2408 746 2454 ι
796 2383 1100 2452 Maxime
1145 2384 1498 2476 Princeps,
1545 2384 1790 2474 inquit,

311 2503 654 2573 Antonius
703 2501 1148 2588 possevinus,
1195 2500 1608 2592 comitesque
1663 2503 1793 2572 hu-

315 2640 510 2698 mum
551 2616 670 2685 tibi
722 2616 938 2686 fronte
994 2615 1242 2684 feriunt
1290 2616 1407 2707 (sic
1470 2616 1651 2684 enim
1695 2618 1795 2684 lo-

315 2750 613 2825 quuntur
664 2732 910 2819 Mosei,
970 2754 1127 2800 cum
1201 2752 1546 2801 summam
1605 2755 1793 2812 reve-

315 2853 602 2923 rentiam
691 2852 1347 2940 submissionemque
1428 2850 1798 2941 significare

318 2953 618 3061 volunt):,
662 2987 809 3069 tum
844 2969 1000 3038 Dux
1049 2970 1132 3037 P.
1192 2966 1639 3037 Possevinum
1679 2987 1798 3035 co-
