2192 3392
863 376 942 386 -.
987 361 1070 421 29
1113 374 1191 386 -

284 570 445 638 data
508 592 626 660 per
681 555 1117 660 interpretem
1176 570 1524 661 exposuit,
1591 589 1766 658 quae

284 707 444 752 mox
493 684 698 754 etiam
750 686 1133 776 petentibus
1181 687 1429 778 scripto
1469 684 1759 754 tradidit.
1847 708 1855 715 ⁸

296 800 559 867 Eorum
606 798 768 867 haec
797 816 938 868 erat
984 821 1281 887 summa,
1331 818 1405 868 ut
1442 801 1768 889 quoniam

290 913 434 1003 ipse
491 913 802 983 Pontifici
865 916 1175 985 Maximo
1233 938 1353 1006 per
1380 917 1770 1008 proximum

289 1029 588 1118 legatum
661 1030 1000 1120 pollicitus
1075 1049 1289 1113 esset,
1346 1054 1468 1119 se,
1519 1029 1598 1101 'si
1675 1030 1764 1100 ab

291 1147 476 1237 Rege
531 1146 854 1217 Poloniae
922 1148 1138 1217 otium
1184 1147 1448 1234 fuisset‚'
1512 1147 1769 1217 bellum

285 1261 532 1330 Turcis
577 1262 959 1350 illaturum,
1015 1264 1219 1333 fidem
1285 1285 1422 1331 non
1482 1262 1768 1351 falleret,

285 1381 404 1450 sed
447 1381 536 1450 ad
599 1401 1036 1449 communem
1090 1380 1359 1448 hostem
1400 1380 1769 1448 tollendum

287 1519 448 1566 cum
549 1497 781 1565 ceteris
882 1495 1264 1565 christianis
1356 1494 1771 1586 principibus

289 1612 756 1703 conspiraretz,
841 1612 1133 1681 liberum
1209 1611 1567 1680 transitum
1654 1633 1774 1702 per

272 1731 492 1816 ‚s‘uum
526 1727 840 1818 Regnum
883 1726 1227 1795 Pontificis
1258 1727 1547 1796 Maximi
1603 1727 1775 1817 lega·
1864 1767 1869 1774 -

288 1845 374 1912 tis
403 1845 618 1930 daret,
645 1842 700 1912 si
729 1865 900 1932 quos
935 1843 1043 1912 ille
1077 1843 1215 1910 ullo
1248 1864 1580 1936 umquam
1610 1829 1777 1911 tem·

289 1982 455 2050 pore
500 1959 588 2027 ad
638 1959 881 2027 Persas
934 1959 1395 2048 Tartarosque
1445 1960 1773 2028 destinas-

293 2093 430 2161 set3
464 2075 803 2144 catholicis
826 2075 894 2143 in
917 2074 1262 2143 Moscovia
1293 2075 1777 2145 commercium

289 2207 488 2276 esset,
562 2192 948 2281 templaque
1008 2191 1050 2258 ii
1108 2191 1591 2259 catholicorum
1646 2191 1775 2261 ritu

292 2307 638 2375 haberent.
686 2306 1111 2375 Hortabatur
1180 2325 1524 2398 praeterea
1577 2307 1777 2398 Mag-

295 2445 464 2492 num
489 2422 750 2492 Ducem
783 2423 1125 2510 Pontifex,
1149 2441 1222 2491 ut
1260 2423 1348 2491 ad
1378 2423 1775 2493 catholicam

296 2541 690 2633 religionem
750 2561 1186 2612 reverteretur
1249 2560 1313 2611 et
1369 2543 1435 2611 in
1483 2545 1779 2613 Romani

300 2656 643 2726 Pontificis
693 2675 1020 2748 potestate
1077 2675 1272 2727 esset.
1337 2658 1598 2727 Interea
1643 2659 1778 2726 duo

296 2770 646 2863 Principes
705 2773 829 2842 viri
909 2773 1388 2866 superveniunt
1474 2796 1514 2841 a
1595 2773 1779 2842 Duce

291 2886 524 2974 missi,
583 2887 699 2978 qui
771 2911 1057 2958 munera
1131 2889 1214 2957 de
1277 2890 1359 2956 P.
1430 2888 1783 2958 Possevini

299 3027 511 3074 manu
543 3022 818 3094 accepta
850 3029 971 3096 per
1003 3007 1383 3075 universam
1410 3005 1593 3074 illam
1626 3027 1781 3095 pur-
