2192 3392
398 552 627 622 litteris
668 553 1048 643 scripserat,
1088 554 1216 623 nisi
1258 554 1677 625 conditiones
1722 556 1875 626 illae

397 670 869 759 reciperentur,
926 669 1184 739 nullam
1235 694 1307 740 se
1358 670 1563 740 aliam
1617 670 1703 740 ad
1760 694 1880 742 an·

398 808 566 856 nurn
598 789 684 855 50
715 787 1114 877 legationem
1142 786 1625 874 admissurum,
1666 788 1877 856 Polo·

397 924 525 971 nus
552 918 781 971 autem
812 925 895 970 ne
938 902 1220 973 Livonia
1250 902 1525 991 quidem
1561 920 1702 971 tota
1737 903 1875 991 jam

396 1034 782 1086 contentum
832 1040 902 1086 se
972 1016 1115 1085 fore
1157 1018 1492 1105 edixerat3
1542 1018 1611 1088 id
1676 1018 1875 1110 igitur

395 1155 606 1203 unum
662 1134 992 1225 reliquum
1051 1157 1196 1204 esse
1242 1134 1614 1221 videbatur,
1642 1152 1716 1204 ut
1769 1156 1875 1203 se-

391 1249 679 1339 questris
706 1268 770 1319 et
799 1249 989 1341 quasi
1039 1250 1270 1319 arbitri
1313 1250 1595 1339 alicujus
1642 1265 1873 1320 aucto-

394 1365 583 1436 ritate
620 1387 748 1457 pax
776 1366 893 1435 illa
920 1367 1384 1452 conficeretur,
1416 1366 1641 1456 itaque
1684 1382 1876 1435 tran»

394 1481 561 1551 situs
587 1480 696 1549 ille
726 1480 794 1549 in
836 1479 1261 1550 Moscoviam
1285 1480 1647 1549 Lithuanis
1674 1499 1875 1552 antea

394 1597 697 1684 odiosus,
729 1596 1077 1693 popularis
1124 1597 1261 1683 jam
1296 1595 1511 1664 factus
1557 1612 1722 1665 erat.
1760 1597 1876 1665 Bis

397 1714 479 1781 P.
510 1712 917 1782 Possevinus
936 1735 1094 1782 curn
1120 1710 1376 1781 Moscis
1404 1709 1667 1801 legam,
1688 1711 1877 1802 Rege

396 1852 533 1898 non
580 1830 802 1898 solum
849 1830 1272 1919 permittente
1313 1826 1430 1894 sed
1500 1824 1704 1895 etiarn
1751 1849 1874 1895 vo-

395 1946 597 2032 lente,
627 1945 999 2013 collocutus
1027 1959 1152 2031 est,
1184 1966 1527 2035 quamque
1558 1943 1878 2014 Pontifex

397 2060 744 2131 Maximus
788 2061 871 2128 de
912 2060 1217 2150 ipsorum
1272 2058 1602 2149 Principis
1662 2061 1877 2130 salute

397 2178 733 2247 laboraret
775 2175 1031 2265 prolixe
1071 2174 1365 2244 ostendit
1391 2185 1490 2256 ²4;
1528 2174 1658 2266 egit
1693 2175 1874 2245 idem

397 2316 554 2380 cum
597 2295 919 2363 Poloniae
980 2296 1205 2385 Rege,
1259 2310 1332 2361 ut
1394 2292 1635 2382 captivi
1691 2282 1877 2382 du0‚'

401 2409 765 2479 Velicensis
820 2408 991 2478 arcis
1057 2410 1397 2500 praefecti,
1463 2432 1634 2501 quos
1694 2432 1876 2480 anno

342 2512 345 2517 ’
399 2526 739 2617 superiore
801 2524 869 2592 in
916 2523 1127 2614 ipsius
1164 2527 1335 2595 arcis
1382 2523 1880 2617 expugnatione

399 2658 731 2732 coeperat,
764 2640 1018 2709 Moscis
1046 2640 1509 2725 redderentur,
1541 2654 1615 2707 ut
1640 2660 1721 2706 eo
1756 2637 1874 2706 be-

400 2757 638 2827 neficio
699 2757 784 2825 ad
843 2779 965 2843 ea,
1029 2778 1205 2845 quae
1269 2776 1426 2823 cum
1478 2756 1880 2823 Moscorum

403 2875 590 2942 Duce
615 2888 806 2941 erant
831 2871 1121 2963 agenda,
1150 2868 1330 2937 viam
1359 2867 1481 2937 sibi
1512 2868 1876 2937 faciliorem

331 2962 346 2977 ”
402 2988 716 3059 muniret.
753 2988 989 3076 Itaque
1018 3006 1177 3054 cum
1202 3006 1308 3072 ea,
1339 3006 1512 3075 quae
1540 2985 1642 3054 ad·
1668 2984 1877 3059 Polof

265 3164 412 3189 Α
