2192 3392
945 325 1257 383 ..15-

359 571 846 644 processerant,
900 574 1056 622 cum
1108 552 1456 622 Pristavus
1506 555 1675 622 alter
1704 553 1832 623 Sa—

355 667 730 738 lesainenus
788 669 1171 738 Volokorus
1236 667 1296 712 ³⁰
1357 690 1515 738 cum
1575 669 1612 738 J
1620 668 1833 738 acobo

357 785 735 872 EborestiO,
795 786 1058 857 Polono
1108 786 1489 877 interprete,
1532 803 1596 856 et
1640 791 1829 880 equi-

350 915 498 970 tum
546 901 935 991 quindecim
990 903 1313 972 comitatu
1371 905 1683 974 occurrit.
1729 907 1824 993 Is,

350 1039 428 1084 ex
486 1039 662 1107 equo
716 1019 1168 1106 descendens,
1231 1020 1311 1087 Ρ.
1375 1019 1824 1091 Possevinum

347 1132 587 1225 Magni
666 1135 873 1205 Ducis
948 1125 1224 1206 nomine
1297 1135 1609 1205 salutavit
1646 1189 1667 1224 ,
1732 1139 1821 1207 ab

341 1271 558 1339 eoque
611 1251 896 1320 missum
965 1273 1036 1320 se
1103 1251 1295 1339 dixit,
1344 1269 1418 1321 ut
1471 1273 1645 1342 quae
1691 1253 1818 1342 ipsi

339 1363 766 1456 familiaeque
839 1366 1049 1458 ipsius
1116 1367 1491 1437 necessaria
1554 1386 1815 1455 essent,

337 1485 767 1577 prospiceret.
797 1499 812 1512 ·
851 1481 1112 1575 Itaque'
1160 1503 1444 1576 utroque
1504 1484 1815 1553 Pristavo

335 1606 506 1676 bene
546 1605 844 1675 comitati
876 1604 1230 1675 Starisiam
1274 1596 1505 1674 versus
1543 1623 1814 1688 conten-

333 1723 530 1809 dunt,
579 1743 760 1789 nunc
826 1699 1225 1811 majoribuS,
1281 1743 1463 1790 nunc
1528 1719 1809 1789 minori-

328 1836 455 1906 bus
492 1837 867 1924 itineribuS,
907 1854 1110 1928 prout
1140 1837 1396 1906 Moscis
1430 1836 1808 1922 videbatur,

327 1952 444 2042 qui
514 1951 753 2022 itinera
810 1974 888 2022 ex
937 1950 1223 2040 'libidine
1272 1951 1540 2042 potiuS,
1596 1975 1808 2045 quam

323 2067 582 2138 ratione
643 2070 780 2138 ulla
820 2054 1180 2139 ‘moderari‘
1241 2081 1738 2142 consueverunt
1780 2097 1795 2141 ε
1886 2119 1889 2124 -

323 2177 443 2252 ιὼί
492 2185 602 2254 via
636 2185 868 2256 incidit
913 2208 1153 2282 aspera
1200 2204 1265 2256 et
1304 2183 1612 2272 difficilis,
1643 2207 1799 2277 gra-

321 2304 487 2373 dum
516 2306 909 2394 accelerare,
940 2305 1055 2375 ubi
1083 2325 1298 2396 aequa
1326 2318 1391 2371 et
1417 2301 1622 2392 plana
1642 2320 1800 2372 sunt

317 2420 576 2507 omnia,
623 2422 882 2491 tardius
936 2424 1130 2513 quasi
1178 2419 1411 2490 sedulo
1458 2416 1791 2506 incedere,

315 2558 698 2627 nunquam,
726 2560 887 2608 cum
937 2538 1226 2629 possint,
1263 2537 1367 2606 vel
1404 2553 1609 2606 noctu
1655 2551 1791 2604 tec-

312 2669 490 2742 tum,
533 2654 637 2724 vel
693 2655 761 2722 in
813 2654 1101 2724 summis
1140 2653 1477 2723 caloribus
1530 2650 1790 2720 arboris

309 2769 630 2840 umbram
682 2769 932 2858 subire,
988 2791 1127 2838 non
1200 2766 1453 2838 itineris
1508 2780 1625 2834 aut
1678 2786 1784 2833 re·
1846 2777 1861 2791 ⁴

309 2887 548 2977 quietis
609 2887 858 2956 habere
912 2885 1371 2955 discriminata
1426 2898 1735 2972 tempora
1762 2933 1783 2968 ,

307 3001 713 3092 ubicumque
755 2999 961 3069 libido
997 2999 1363 3086 incesserit,
1405 2997 1494 3067 ibi
1561 2995 1779 3065 subsi-
