2192 3392
1732 453 1779 460 -ῃ

300 564 598 654 tarisque
669 565 1004 657 religionis
1066 589 1311 636 caussa
1391 547 1785 638 'interfectos

301 684 521 752 Mosei
555 706 679 774 pro
711 685 1132 777 Martyribus
1170 701 1607 756 venerantur:
1628 688 1783 778 Epi-

302 801 488 891 scopi
528 800 612 868 de
644 802 996 871 monachis
1024 803 1499 890 adsumuntur,
1539 804 1784 893 quibus

303 899 603 986 similiter
692 936 894 1008 atque
983 919 1335 988 monachis
1428 921 1730 989 carnium
1762 972 1781 1007 ‚

303 1032 832 1123 nuptiarumque
873 1057 1036 1101 usus
1073 1035 1298 1103 omnis
1343 1035 1777 1106 interdicitur.

307 1147 460 1216 Hos
506 1148 684 1237 eligit
742 1149 920 1234 Dux,
981 1149 1296 1240 Episcopi
1358 1167 1586 1220 autem
1644 1152 1783 1220 duo

301 1257 517 1330 tresve
563 1280 979 1333 consecrant.
1026 1264 1319 1356 Templa
1368 1267 1783 1336 sanctissime

302 1377 559 1464 colunt,
589 1378 684 1447 sic
713 1397 786 1446 ut
814 1403 890 1448 ea
922 1382 1049 1464 his,
1081 1382 1586 1472 qui-libidinum
1619 1383 1787 1450 ima-

302 1493 680 1584 ginationes
733 1495 800 1564 in
848 1497 1069 1586 quiete
1122 1497 1254 1566 sint
1285 1499 1493 1589 passi,
1539 1497 1783 1566 intrare

301 1613 405 1682 fas
445 1637 580 1683 non
626 1616 731 1684 sit.
779 1615 955 1685 Sunt
992 1634 1219 1686 autem
1273 1619 1523 1708 templa
1569 1616 1818 1685 crucis

303 1757 373 1802 m
428 1735 716 1824 speciem
776 1753 1183 1822 constructa,
1252 1736 1521 1806 duabus
1586 1736 1780 1826 quasi

303 1850 457 1935 alis,
490 1865 560 1918 ut
592 1851 660 1919 in
694 1851 990 1941 antiquis
1025 1852 1293 1941 templis
1333 1851 1665 1937 videmus,
1695 1850 1782 1920 ab

303 1983 588 2056 utroque
651 1958 851 2036 latere
912 1967 1499 2059 prominentibu8‚
1579 1983 1783 2035 naves

301 2081 504 2172 vulgo
531 2083 908 2171 appellant.
949 2082 1195 2151 Murus
1237 2085 1304 2151 in
1356 2082 1581 2152 medio
1610 2100 1781 2151 tem-

303 2197 418 2288 plo
450 2197 709 2266 clerum
730 2221 771 2266 a
801 2198 1055 2288 reliquo
1084 2200 1335 2289 populo
1359 2199 1620 2285 dividit,
1652 2198 1782 2266 hu-

302 2312 409 2400 jus
471 2312 648 2382 muri
730 2312 918 2382 frons
997 2315 1239 2402 ianuas
1322 2300 1523 2382 habet
1585 2314 1782 2399 duas,

302 2449 596 2516 quarum
635 2429 868 2514 altera,
900 2450 1075 2517 quae
1106 2428 1308 2518 Regis
1342 2427 1581 2495 dicitur
1606 2451 1784 2495 nun-

304 2565 512 2632 quam
556 2543 950 2630 recluditur,
999 2544 1125 2612 nisi
1164 2549 1321 2612 cum
1360 2565 1437 2612 ea
1487 2539 1681 2634 panis
1718 2527 1785 2611 in

303 2653 716 2730 sacrificium
779 2660 1030 2728 Missae
1106 2677 1548 2751 praeparatus
1628 2680 1783 2727 cum

304 2774 786 2864 supplicatione
832 2773 1139 2861 effertu'rt,
1188 2775 1497 2866 in‘adyta
1536 2775 1783 2843 nemini

303 2909 769 2980 praeterquam
801 2890 1052 2960 clericis
1081 2908 1259 2981 patet
1288 2891 1663 2980 ingressus3
1695 2889 1785 2958 ibi

303 3009 536 3094 procul
602 3007 690 3076 ab
762 3007 972 3076 oculis
1043 3005 1491 3097 profanorum
1557 3005 1782 3073 divina
