<?xml version="1.0" encoding="UTF-8"?>
<!DOCTYPE html PUBLIC "-//W3C//DTD XHTML 1.0 Transitional//EN"
    "http://www.w3.org/TR/xhtml1/DTD/xhtml1-transitional.dtd">
<html xmlns="http://www.w3.org/1999/xhtml" xml:lang="en" lang="en">
 <head>
  <title>
</title>
<meta http-equiv="Content-Type" content="text/html;charset=utf-8" />
  <meta name='ocr-system' content='tesseract 3.04.00' />
  <meta name='ocr-capabilities' content='ocr_page ocr_carea ocr_par ocr_line ocrx_word'/>
</head>
<body>
  <div class='ocr_page' id='page_1' title='image "antoniipossevin00gallgoog_0058.png"; bbox 0 0 2192 3392; ppageno 0'>
   <div class='ocr_carea' id='block_1_1' title="bbox 704 401 999 407">
    <p class='ocr_par' dir='ltr' id='par_1_1' title="bbox 704 401 999 407">
     <span class='ocr_line' id='line_1_1' title="bbox 704 401 999 407; baseline 0 0"><span class='ocrx_word' id='word_1_1' title='bbox 704 401 999 407; x_wconf 95' lang='lat' dir='ltr'> </span> 
     </span>
    </p>
   </div>
   <div class='ocr_carea' id='block_1_2' title="bbox 272 517 1768 3045">
    <p class='ocr_par' dir='ltr' id='par_1_2' title="bbox 272 517 1768 3045">
     <span class='ocr_line' id='line_1_2' title="bbox 272 517 1763 609; baseline 0 -24"><span class='ocrx_word' id='word_1_2' title='bbox 272 534 510 609; x_wconf 90' lang='lat' dir='ltr'>perato</span> <span class='ocrx_word' id='word_1_3' title='bbox 569 517 796 607; x_wconf 90' lang='lat' dir='ltr'>(patet</span> <span class='ocrx_word' id='word_1_4' title='bbox 851 517 907 585; x_wconf 90' lang='lat' dir='ltr'>is</span> <span class='ocrx_word' id='word_1_5' title='bbox 970 539 1482 607; x_wconf 89' lang='lat' dir='ltr'>quaquaversus</span> <span class='ocrx_word' id='word_1_6' title='bbox 1556 519 1763 609; x_wconf 82' lang='lat' dir='ltr'>millia</span> 
     </span>
     <span class='ocr_line' id='line_1_3' title="bbox 275 632 1764 725; baseline 0.001 -25"><span class='ocrx_word' id='word_1_7' title='bbox 275 655 605 723; x_wconf 83' lang='lat' dir='ltr'>passuum</span> <span class='ocrx_word' id='word_1_8' title='bbox 664 632 1178 724; x_wconf 85' lang='lat' dir='ltr'>quinquaginta)</span> <span class='ocrx_word' id='word_1_9' title='bbox 1232 634 1348 703; x_wconf 92' lang='lat' dir='ltr'>ubi</span> <span class='ocrx_word' id='word_1_10' title='bbox 1397 635 1764 725; x_wconf 84' lang='lat' dir='ltr'>Novogar-</span> 
     </span>
     <span class='ocr_line' id='line_1_4' title="bbox 278 749 1764 839; baseline 0.001 -23"><span class='ocrx_word' id='word_1_11' title='bbox 278 750 464 817; x_wconf 91' lang='lat' dir='ltr'>diam</span> <span class='ocrx_word' id='word_1_12' title='bbox 534 749 895 818; x_wconf 80' lang='lat' dir='ltr'>deventum</span> <span class='ocrx_word' id='word_1_13' title='bbox 948 768 1073 835; x_wconf 80' lang='lat' dir='ltr'>est,</span> <span class='ocrx_word' id='word_1_14' title='bbox 1155 765 1424 839; x_wconf 88' lang='lat' dir='ltr'>praesto</span> <span class='ocrx_word' id='word_1_15' title='bbox 1492 750 1764 820; x_wconf 79' lang='lat' dir='ltr'>Nostris</span> 
     </span>
     <span class='ocr_line' id='line_1_5' title="bbox 279 863 1759 952; baseline 0.003 -23"><span class='ocrx_word' id='word_1_16' title='bbox 279 863 968 932; x_wconf 77' lang='lat' dir='ltr'>fuere&#39;Tartarorum</span> <span class='ocrx_word' id='word_1_17' title='bbox 1024 864 1163 932; x_wconf 91' lang='lat' dir='ltr'>duo</span> <span class='ocrx_word' id='word_1_18' title='bbox 1224 865 1464 952; x_wconf 84' lang='lat' dir='ltr'>millia,</span> <span class='ocrx_word' id='word_1_19' title='bbox 1522 866 1759 933; x_wconf 90' lang='lat' dir='ltr'>Novo·-</span> 
     </span>
     <span class='ocr_line' id='line_1_6' title="bbox 281 972 1758 1071; baseline 0 -23"><span class='ocrx_word' id='word_1_20' title='bbox 281 980 515 1071; x_wconf 87' lang='lat' dir='ltr'>gardia</span> <span class='ocrx_word' id='word_1_21' title='bbox 606 1002 646 1047; x_wconf 92' lang='lat' dir='ltr'>a</span> <span class='ocrx_word' id='word_1_22' title='bbox 716 972 1106 1048; x_wconf 68' lang='lat' dir='ltr'>Moscov&#39;iae</span> <span class='ocrx_word' id='word_1_23' title='bbox 1188 980 1373 1049; x_wconf 88' lang='lat' dir='ltr'>Duce</span> <span class='ocrx_word' id='word_1_24' title='bbox 1447 980 1758 1066; x_wconf 89' lang='lat' dir='ltr'>praesidii</span> 
     </span>
     <span class='ocr_line' id='line_1_7' title="bbox 280 1094 1764 1185; baseline -0.001 -21"><span class='ocrx_word' id='word_1_25' title='bbox 280 1104 520 1165; x_wconf 83' lang='lat' dir='ltr'>caussa</span> <span class='ocrx_word' id='word_1_26' title='bbox 550 1095 758 1165; x_wconf 88' lang='lat' dir='ltr'>missi.</span> <span class='ocrx_word' id='word_1_27' title='bbox 801 1096 1077 1164; x_wconf 84' lang='lat' dir='ltr'>Horum</span> <span class='ocrx_word' id='word_1_28' title='bbox 1114 1096 1503 1165; x_wconf 87' lang='lat' dir='ltr'>Praefectus</span> <span class='ocrx_word' id='word_1_29' title='bbox 1542 1094 1764 1185; x_wconf 89' lang='lat' dir='ltr'>(Voje-</span> 
     </span>
     <span class='ocr_line' id='line_1_8' title="bbox 280 1211 1762 1301; baseline 0.001 -23"><span class='ocrx_word' id='word_1_30' title='bbox 280 1211 531 1280; x_wconf 92' lang='lat' dir='ltr'>vodam</span> <span class='ocrx_word' id='word_1_31' title='bbox 561 1212 652 1280; x_wconf 89' lang='lat' dir='ltr'>illi</span> <span class='ocrx_word' id='word_1_32' title='bbox 680 1212 944 1301; x_wconf 89' lang='lat' dir='ltr'>vocant)</span> <span class='ocrx_word' id='word_1_33' title='bbox 972 1212 1378 1280; x_wconf 88' lang='lat' dir='ltr'>christianus</span> <span class='ocrx_word' id='word_1_34' title='bbox 1407 1232 1561 1279; x_wconf 90' lang='lat' dir='ltr'>cum</span> <span class='ocrx_word' id='word_1_35' title='bbox 1591 1228 1762 1279; x_wconf 85' lang='lat' dir='ltr'>esset</span> 
     </span>
     <span class='ocr_line' id='line_1_9' title="bbox 285 1326 1764 1416; baseline 0 -22"><span class='ocrx_word' id='word_1_36' title='bbox 285 1328 544 1415; x_wconf 81' lang='lat' dir='ltr'>(reliqui</span> <span class='ocrx_word' id='word_1_37' title='bbox 587 1326 768 1394; x_wconf 90' lang='lat' dir='ltr'>enim</span> <span class='ocrx_word' id='word_1_38' title='bbox 821 1326 1295 1395; x_wconf 87' lang='lat' dir='ltr'>Mahometicis</span> <span class='ocrx_word' id='word_1_39' title='bbox 1347 1326 1764 1416; x_wconf 87' lang='lat' dir='ltr'>superstitio-</span> 
     </span>
     <span class='ocr_line' id='line_1_10' title="bbox 280 1442 1764 1532; baseline 0.001 -24"><span class='ocrx_word' id='word_1_40' title='bbox 280 1442 480 1510; x_wconf 88' lang='lat' dir='ltr'>nibus</span> <span class='ocrx_word' id='word_1_41' title='bbox 513 1459 703 1510; x_wconf 89' lang='lat' dir='ltr'>erant</span> <span class='ocrx_word' id='word_1_42' title='bbox 734 1442 999 1529; x_wconf 83' lang='lat' dir='ltr'>addicti)</span> <span class='ocrx_word' id='word_1_43' title='bbox 1027 1466 1096 1510; x_wconf 88' lang='lat' dir='ltr'>se</span> <span class='ocrx_word' id='word_1_44' title='bbox 1125 1464 1454 1529; x_wconf 88' lang='lat' dir='ltr'>suamque</span> <span class='ocrx_word' id='word_1_45' title='bbox 1484 1464 1764 1532; x_wconf 87' lang='lat' dir='ltr'>operam</span> 
     </span>
     <span class='ocr_line' id='line_1_11' title="bbox 278 1552 1765 1647; baseline 0 -22"><span class='ocrx_word' id='word_1_46' title='bbox 278 1557 357 1625; x_wconf 91' lang='lat' dir='ltr'>iis</span> <span class='ocrx_word' id='word_1_47' title='bbox 406 1557 661 1647; x_wconf 87' lang='lat' dir='ltr'>prolixe</span> <span class='ocrx_word' id='word_1_48' title='bbox 703 1558 958 1627; x_wconf 88' lang='lat' dir='ltr'>detulit.</span> <span class='ocrx_word' id='word_1_49' title='bbox 1007 1558 1178 1625; x_wconf 90' lang='lat' dir='ltr'>Inde</span> <span class='ocrx_word' id='word_1_50' title='bbox 1239 1552 1553 1645; x_wconf 75' lang='lat' dir='ltr'>BasiliuS,</span> <span class='ocrx_word' id='word_1_51' title='bbox 1599 1558 1765 1625; x_wconf 90' lang='lat' dir='ltr'>alter</span> 
     </span>
     <span class='ocr_line' id='line_1_12' title="bbox 278 1675 1764 1768; baseline -0.001 -25"><span class='ocrx_word' id='word_1_52' title='bbox 278 1676 746 1768; x_wconf 82' lang='lat' dir='ltr'>interpretum,</span> <span class='ocrx_word' id='word_1_53' title='bbox 778 1678 843 1745; x_wconf 93' lang='lat' dir='ltr'>in</span> <span class='ocrx_word' id='word_1_54' title='bbox 889 1676 1311 1745; x_wconf 91' lang='lat' dir='ltr'>Polonorum</span> <span class='ocrx_word' id='word_1_55' title='bbox 1354 1692 1573 1743; x_wconf 89' lang='lat' dir='ltr'>castra</span> <span class='ocrx_word' id='word_1_56' title='bbox 1607 1675 1764 1743; x_wconf 89' lang='lat' dir='ltr'>mis-</span> 
     </span>
     <span class='ocr_line' id='line_1_13' title="bbox 279 1791 1764 1883; baseline -0.002 -23"><span class='ocrx_word' id='word_1_57' title='bbox 279 1816 393 1860; x_wconf 91' lang='lat' dir='ltr'>sus</span> <span class='ocrx_word' id='word_1_58' title='bbox 427 1809 551 1877; x_wconf 78' lang='lat' dir='ltr'>est,</span> <span class='ocrx_word' id='word_1_59' title='bbox 596 1792 713 1881; x_wconf 92' lang='lat' dir='ltr'>qui</span> <span class='ocrx_word' id='word_1_60' title='bbox 764 1794 1019 1883; x_wconf 87' lang='lat' dir='ltr'>Regem</span> <span class='ocrx_word' id='word_1_61' title='bbox 1060 1792 1144 1859; x_wconf 92' lang='lat' dir='ltr'>de</span> <span class='ocrx_word' id='word_1_62' title='bbox 1190 1791 1602 1860; x_wconf 91' lang='lat' dir='ltr'>Nostrorum</span> <span class='ocrx_word' id='word_1_63' title='bbox 1647 1792 1764 1857; x_wconf 93' lang='lat' dir='ltr'>ad-</span> 
     </span>
     <span class='ocr_line' id='line_1_14' title="bbox 280 1905 1760 1997; baseline -0.001 -21"><span class='ocrx_word' id='word_1_64' title='bbox 280 1927 484 1977; x_wconf 91' lang='lat' dir='ltr'>ventu</span> <span class='ocrx_word' id='word_1_65' title='bbox 526 1908 874 1977; x_wconf 86' lang='lat' dir='ltr'>certiorem</span> <span class='ocrx_word' id='word_1_66' title='bbox 909 1908 1177 1995; x_wconf 76' lang='lat' dir='ltr'>faceret,</span> <span class='ocrx_word' id='word_1_67' title='bbox 1222 1925 1428 1997; x_wconf 89' lang='lat' dir='ltr'>utque</span> <span class='ocrx_word' id='word_1_68' title='bbox 1467 1905 1554 1973; x_wconf 90' lang='lat' dir='ltr'>ad</span> <span class='ocrx_word' id='word_1_69' title='bbox 1594 1905 1760 1974; x_wconf 89' lang='lat' dir='ltr'>fines</span> 
     </span>
     <span class='ocr_line' id='line_1_15' title="bbox 282 2024 1764 2121; baseline -0.001 -29"><span class='ocrx_word' id='word_1_70' title='bbox 282 2026 599 2109; x_wconf 76' lang='lat' dir='ltr'>mitteret,</span> <span class='ocrx_word' id='word_1_71' title='bbox 637 2025 754 2114; x_wconf 92' lang='lat' dir='ltr'>qui</span> <span class='ocrx_word' id='word_1_72' title='bbox 819 2047 934 2092; x_wconf 91' lang='lat' dir='ltr'>eos</span> <span class='ocrx_word' id='word_1_73' title='bbox 982 2041 1128 2093; x_wconf 90' lang='lat' dir='ltr'>tuto</span> <span class='ocrx_word' id='word_1_74' title='bbox 1172 2024 1599 2121; x_wconf 76' lang='lat' dir='ltr'>deducerent.</span> <span class='ocrx_word' id='word_1_75' title='bbox 1650 2024 1764 2092; x_wconf 90' lang='lat' dir='ltr'>In-</span> 
     </span>
     <span class='ocr_line' id='line_1_16' title="bbox 278 2141 1762 2231; baseline -0.001 -21"><span class='ocrx_word' id='word_1_76' title='bbox 278 2163 460 2210; x_wconf 82' lang='lat' dir='ltr'>terea</span> <span class='ocrx_word' id='word_1_77' title='bbox 506 2141 672 2209; x_wconf 90' lang='lat' dir='ltr'>dum</span> <span class='ocrx_word' id='word_1_78' title='bbox 714 2161 1116 2231; x_wconf 89' lang='lat' dir='ltr'>responsum</span> <span class='ocrx_word' id='word_1_79' title='bbox 1167 2157 1554 2229; x_wconf 88' lang='lat' dir='ltr'>expectatur</span> <span class='ocrx_word' id='word_1_80' title='bbox 1592 2163 1762 2230; x_wconf 92' lang='lat' dir='ltr'>qua-</span> 
     </span>
     <span class='ocr_line' id='line_1_17' title="bbox 280 2255 1762 2348; baseline 0.003 -25"><span class='ocrx_word' id='word_1_81' title='bbox 280 2275 433 2324; x_wconf 91' lang='lat' dir='ltr'>tuor</span> <span class='ocrx_word' id='word_1_82' title='bbox 520 2256 663 2323; x_wconf 90' lang='lat' dir='ltr'>dies</span> <span class='ocrx_word' id='word_1_83' title='bbox 736 2255 1100 2324; x_wconf 84' lang='lat' dir='ltr'>elabuntur</span> <span class='ocrx_word' id='word_1_84' title='bbox 1170 2279 1188 2325; x_wconf 69' lang='grc' dir='ltr'><strong>ι</strong></span> <span class='ocrx_word' id='word_1_85' title='bbox 1251 2277 1387 2345; x_wconf 88' lang='lat' dir='ltr'>quo</span> <span class='ocrx_word' id='word_1_86' title='bbox 1459 2274 1762 2348; x_wconf 90' lang='lat' dir='ltr'>tempore</span> 
     </span>
     <span class='ocr_line' id='line_1_18' title="bbox 280 2370 1763 2462; baseline 0.001 -23"><span class='ocrx_word' id='word_1_87' title='bbox 280 2373 490 2462; x_wconf 87' lang='lat' dir='ltr'>ipsius</span> <span class='ocrx_word' id='word_1_88' title='bbox 528 2370 913 2439; x_wconf 87' lang='lat' dir='ltr'>Moscoviae</span> <span class='ocrx_word' id='word_1_89' title='bbox 950 2370 1154 2457; x_wconf 90' lang='lat' dir='ltr'>Ducis</span> <span class='ocrx_word' id='word_1_90' title='bbox 1182 2372 1505 2462; x_wconf 88' lang='lat' dir='ltr'>interpres</span> <span class='ocrx_word' id='word_1_91' title='bbox 1537 2395 1578 2441; x_wconf 91' lang='lat' dir='ltr'>a</span> <span class='ocrx_word' id='word_1_92' title='bbox 1615 2373 1763 2457; x_wconf 90' lang='lat' dir='ltr'>Ru-</span> 
     </span>
     <span class='ocr_line' id='line_1_19' title="bbox 276 2486 1765 2556; baseline 0.001 -3"><span class='ocrx_word' id='word_1_93' title='bbox 276 2486 544 2554; x_wconf 88' lang='lat' dir='ltr'>thenico</span> <span class='ocrx_word' id='word_1_94' title='bbox 582 2486 940 2555; x_wconf 90' lang='lat' dir='ltr'>schismate</span> <span class='ocrx_word' id='word_1_95' title='bbox 972 2487 1059 2554; x_wconf 94' lang='lat' dir='ltr'>ad</span> <span class='ocrx_word' id='word_1_96' title='bbox 1104 2486 1507 2555; x_wconf 88' lang='lat' dir='ltr'>catholicam</span> <span class='ocrx_word' id='word_1_97' title='bbox 1563 2487 1765 2556; x_wconf 87' lang='lat' dir='ltr'>fidem</span> 
     </span>
     <span class='ocr_line' id='line_1_20' title="bbox 281 2602 1764 2688; baseline 0.001 -19"><span class='ocrx_word' id='word_1_98' title='bbox 281 2602 633 2670; x_wconf 83' lang='lat' dir='ltr'>traductus</span> <span class='ocrx_word' id='word_1_99' title='bbox 684 2619 803 2671; x_wconf 91' lang='lat' dir='ltr'>est.</span> <span class='ocrx_word' id='word_1_100' title='bbox 874 2602 1202 2670; x_wconf 88' lang='lat' dir='ltr'>Poloniae</span> <span class='ocrx_word' id='word_1_101' title='bbox 1256 2604 1425 2688; x_wconf 79' lang='lat' dir='ltr'>Rex,</span> <span class='ocrx_word' id='word_1_102' title='bbox 1469 2604 1764 2671; x_wconf 91' lang='lat' dir='ltr'>Nostro-</span> 
     </span>
     <span class='ocr_line' id='line_1_21' title="bbox 277 2717 1763 2808; baseline 0 -21"><span class='ocrx_word' id='word_1_103' title='bbox 277 2741 430 2787; x_wconf 88' lang='lat' dir='ltr'>rum</span> <span class='ocrx_word' id='word_1_104' title='bbox 524 2717 820 2787; x_wconf 88' lang='lat' dir='ltr'>adventu</span> <span class='ocrx_word' id='word_1_105' title='bbox 906 2718 1215 2808; x_wconf 84' lang='lat' dir='ltr'>cognit0‚</span> <span class='ocrx_word' id='word_1_106' title='bbox 1291 2718 1763 2787; x_wconf 86' lang='lat' dir='ltr'>Alexandrum</span> 
     </span>
     <span class='ocr_line' id='line_1_22' title="bbox 282 2834 1766 2926; baseline 0.001 -23"><span class='ocrx_word' id='word_1_107' title='bbox 282 2834 683 2905; x_wconf 90' lang='lat' dir='ltr'>Brunstium</span> <span class='ocrx_word' id='word_1_108' title='bbox 706 2834 1136 2919; x_wconf 82' lang='lat' dir='ltr'>Lithuaniae‚</span> <span class='ocrx_word' id='word_1_109' title='bbox 1167 2850 1237 2901; x_wconf 90' lang='lat' dir='ltr'>ut</span> <span class='ocrx_word' id='word_1_110' title='bbox 1261 2853 1532 2921; x_wconf 86' lang='lat' dir='ltr'>vocant,</span> <span class='ocrx_word' id='word_1_111' title='bbox 1564 2836 1766 2926; x_wconf 91' lang='lat' dir='ltr'>Dapi-</span> 
     </span>
     <span class='ocr_line' id='line_1_23' title="bbox 279 2952 1768 3045; baseline 0.004 -25"><span class='ocrx_word' id='word_1_112' title='bbox 279 2952 528 3039; x_wconf 85' lang='lat' dir='ltr'>ferum‚</span> <span class='ocrx_word' id='word_1_113' title='bbox 573 2974 727 3021; x_wconf 91' lang='lat' dir='ltr'>cum</span> <span class='ocrx_word' id='word_1_114' title='bbox 757 2952 948 3042; x_wconf 91' lang='lat' dir='ltr'>equis</span> <span class='ocrx_word' id='word_1_115' title='bbox 985 2952 1288 3023; x_wconf 88' lang='lat' dir='ltr'>ducentis</span> <span class='ocrx_word' id='word_1_116' title='bbox 1319 2957 1406 3022; x_wconf 90' lang='lat' dir='ltr'>ad</span> <span class='ocrx_word' id='word_1_117' title='bbox 1435 2977 1768 3045; x_wconf 83' lang='lat' dir='ltr'>passuum</span> 
     </span>
    </p>
   </div>
  </div>
 </body>
</html>
