2192 3392
1004 276 1320 338 „44-

411 487 905 581 quinquaginta
987 490 1198 559 millia
1268 492 1460 580 jussit
1519 515 1892 563 occurrere.

419 603 839 674 Plescoviam
905 606 975 675 in
1044 624 1265 675 castra
1335 631 1408 675 111
1466 610 1662 679 Non.
1725 608 1889 679 Oct.

413 738 890 809 pervenerunt.
950 722 1214 792 Mirum
1289 746 1496 813 quam
1574 725 1895 793 omnibus

412 854 643 928 gratus
688 858 922 905 eorum
970 838 1301 907 adventus
1353 839 1718 917 acciderit:
1769 840 1894 908 nisi

410 952 593 1022 enim
620 975 752 1043 pax
779 952 1082 1023 confecta
1115 971 1313 1041 esset,
1341 954 1405 1021 in
1439 954 1726 1024 hiemem
1769 957 1891 1026 ob·

409 1070 580 1138 sidio
616 1067 972 1138 videbatur
1020 1069 1303 1156 exitura,
1343 1091 1499 1138 cum
1531 1070 1703 1163 Regi
1751 1094 1894 1140 cer-

408 1201 559 1254 tum
626 1201 823 1271 esset,
882 1183 1009 1252 nisi
1059 1184 1406 1253 Plescovia
1480 1204 1889 1278 expugnata,

409 1303 564 1371 inde
610 1320 830 1371 castra
879 1323 1014 1369 non
1062 1321 1356 1370 movere.
1412 1300 1641 1371 Pridie
1685 1303 1889 1372 etiam

404 1417 583 1484 illius
612 1416 737 1485 diei
769 1414 941 1483 nivis
981 1436 1176 1484 casus
1202 1415 1540 1515 ingentem
1572 1417 1886 1507 despera-

402 1537 656 1605 tionem
707 1534 1066 1623 adjecerat‚
1127 1555 1341 1622 eoque
1401 1536 1641 1626 magis,l
1704 1538 1886 1626 quod

405 1674 487 1720 ne
528 1650 812 1719 tentoria
842 1648 1117 1738 quidem
1151 1648 1392 1717 milites
1425 1649 1701 1738 habent,
1733 1652 1883 1741 qui·-

403 1772 528 1840 bus
557 1770 846 1838 hiemem
881 1767 1270 1837 defendant.
1313 1769 1414 1836 Eo
1447 1750 1555 1835 die
1591 1769 1670 1837 P.
1710 1770 1884 1839 Pos-

399 1887 631 1956 sevino
657 1902 928 1955 senatus
958 1906 998 1951 a
1035 1886 1219 1975 Rege
1246 1881 1445 1952 datus
1475 1902 1600 1970 est,
1648 1886 1714 1953 in
1748 1910 1884 1977 quo

399 2003 508 2071 ille
569 2001 754 2092 pacis
817 1998 1263 2082 conditione5‚
1332 2020 1504 2087 quas
1563 2021 1604 2067 a
1646 2002 1882 2070 Mosco

400 2118 747 2203 afferebat,
802 2114 1143 2205 exposuit.
1193 2116 1676 2183 Attentissimis
1731 2138 1880 2185 om-

398 2236 584 2303 nium
623 2232 901 2301 auribus
957 2230 1336 2319 animisque
1385 2253 1546 2298 usus
1593 2249 1717 2318 est,
1765 2234 1877 2301 sed

396 2351 555 2441 quia
583 2368 809 2417 serum
842 2362 984 2414 erat
1021 2344 1178 2431 diei,
1209 2346 1279 2413 in
1316 2339 1660 2436 posterum
1702 2348 1878 2415 diem

395 2466 724 2556 producta
767 2485 873 2531 res
926 2478 1049 2530 est.
1089 2443 1232 2531 Ubi
1280 2461 1580 2552 primum
1640 2464 1875 2549 illuxit,

398 2579 478 2645 P.
508 2576 955 2645 Possevinum
973 2576 1120 2643 Rex
1141 2574 1456 2662 advocat,
1471 2576 1874 2663 decernitur,

393 2715 465 2763 ut
490 2694 575 2782 P..
605 2692 1011 2761 Possevinus
1038 2715 1073 2760 e
1104 2691 1241 2760 suis
1272 2694 1570 2783 aliquem
1590 2696 1679 2764 ad
1694 2697 1872 2764 Mos-

392 2832 549 2879 cum
605 2810 825 2887 mittat
868 2808 949 2895 (is
992 2824 1134 2873 erat
1178 2831 1258 2875 eo
1296 2828 1598 2900 tempore
1629 2805 1870 2882 Slobo-

392 2928 518 2994 dae
546 2921 943 3008 Alexandri,
984 2942 1157 3009 quae
1183 2944 1298 2990 arx
1333 2926 1683 2998 Moscovia
1721 2932 1871 3001 mil-
