2192 3392
929 297 1252 353 ...50—

774 406 1063 411 --.—-—..-—.—
1073 406 1187 412 --
1208 406 1257 411 —-
1272 405 1404 410 —-.
1415 404 1822 411 ...q—*-

344 522 707 613 disputavit
754 521 841 610 ⁶¹,
894 523 1200 613 Ducique
1260 523 1823 594 commentarium

342 637 607 725 obtulit,
656 640 723 708 in
783 663 919 730 quo
974 640 1086 708 illa
1148 640 1378 708 omnia
1414 641 1820 735 collegerat,
1912 648 1920 657 '

342 754 591 844 quibus
654 757 860 825 latina
902 756 1228 824 Ecclesia
1303 780 1344 825 a
1406 778 1645 847 graeca
1708 779 1822 824 ru-

342 870 739 960 thenicaque
770 872 1045 940 distaret
1074 868 1158 937 ⁶2.
1195 873 1373 958 Dux,
1413 894 1570 940 cum
1612 872 1825 961 suspi-

341 1008 603 1059 caretur
623 989 965 1059 futurasin
990 990 1398 1057 Nostrorum
1427 989 1717 1057 adventu
1742 988 1823 1055 de

344 1108 663 1199 religione
726 1106 1280 1191 concertatione5‚
1355 1102 1824 1193 Metropolita-

345 1246 542 1306 num,
596 1242 986 1313 septemque
1022 1222 1191 1290 alios
1235 1220 1614 1310 episcopm,
1652 1241 1822 1304 sese,

344 1354 416 1405 ut
460 1338 547 1405 ad
593 1318 1036 1419 resistendum
1111 1332 1451 1421 acuerent,
1511 1336 1821 1426 jusserat,

340 1452 588 1542 quibus
623 1453 828 1522 Ducis
868 1430 1027 1522 item
1075 1452 1263 1539 jussu
1310 1452 1613 1520 medicus
1641 1454 1826 1519 Ana-

341 1569 632 1660 baptista
680 1569 1036 1665 adjunctus
1077 1586 1197 1636 est.
1239 1568 1307 1636 Is
1343 1568 1642 1636 desertae
1685 1566 1823 1635 for-

343 1690 542 1758 tassis
578 1690 668 1759 ab
712 1710 780 1757 se
821 1688 973 1756 fidei
1012 1687 1472 1759 recordatione
1520 1708 1824 1755 commo-

343 1824 481 1892 tus,
548 1827 799 1875 arcano
847 1804 1119 1873 Nostris
1177 1798 1598 1895 significavit,
1664 1801 1827 1872 boni

343 1923 797 2009 consulerent,
856 1921 909 1988 si
952 1938 1135 1989 metu
1183 1920 1513 1990 adductus
1564 1920 1630 1988 in
1679 1920 1826 2010 ipsa

343 2037 797 2127 disputatione
840 2036 1093 2126 aliquid
1141 2054 1372 2105 contra
1428 2035 1827 2104 catholicam

342 2154 739 2245 religionem
824 2154 1120 2223 dixisset.
1194 2152 1400 2243 Angli
1479 2167 1826 2241 praeterea

342 2287 752 2337 mercatores
779 2270 1090 2339 haeretici
1123 2272 1221 2359 (iis
1247 2292 1324 2338 ea
1354 2270 1494 2360 lege
1522 2266 1825 2336 habitare

342 2386 409 2455 in
456 2388 804 2457 Moscovia
849 2386 1281 2477 permittitur,
1334 2401 1405 2451 ut
1468 2381 1824 2451 duodecim

342 2525 607 2592 semper
662 2520 1015 2590 tamquam
1068 2500 1336 2569 obsides
1385 2496 1822 2583 retineantur)

343 2617 530 2686 veriti
582 2617 777 2703 forte,
830 2637 915 2683 ne
955 2615 1121 2705 quid
1169 2615 1252 2683 de
1303 2634 1465 2681 suae
1526 2610 1826 2701 Reginae

342 2734 730 2805 auctoritate
787 2733 1225 2817 minueretur,
1255 2752 1464 2818 quam
1512 2712 1826 2796 e'cclesiae

344 2865 545 2935 caput
615 2846 818 2933 impie
883 2844 1272 2929 nefarieque
1339 2842 1827 2924 ementiuntur‚

345 2978 492 3026 tum
518 2976 588 3025 ut
608 2956 773 3023 Duci
799 2946 1359 3044 gratificarentur‚
1384 2955 1555 3023 Duci
1574 2954 1829 3025 librum

220 3155 363 3173 A
