2192 3392
296 529 512 620 piant,
557 525 978 596 continenter
1008 544 1086 591 ac
1128 522 1350 594 sobrie
1400 523 1620 594 vivere
1672 526 1786 594 de·
1870 517 1873 520 ⁴

297 647 478 730 bere,
554 643 858 731 illudque
941 657 1213 730 tempus
1284 640 1354 708 in
1424 639 1506 708 iis
1564 641 1786 731 potius

295 762 520 847 rebus,
552 781 729 850 quae
777 757 864 826 ad
933 756 1335 847 legationem
1381 774 1783 846 spectarent,

301 899 514 968 quam
551 877 620 945 in
652 874 908 966 poculis
935 872 1328 964 ponendum
1365 894 1508 942 esse
1544 897 1561 945 ι
1603 876 1787 966 quod

303 1017 700 1087 responsum
763 995 981 1064 Mosei
1037 995 1404 1086 plurimum
1469 1015 1784 1086 suspexe-

305 1132 461 1182 runt
488 1131 554 1182 et
579 1113 981 1204 probarunt.
1027 1114 1309 1183 Postero
1350 1113 1455 1186 die
1492 1111 1788 1182 Pristavi

301 1253 457 1300 cum
521 1230 742 1299 scriba
810 1230 1277 1316 advenerunt,
1338 1246 1413 1299 ut
1500 1250 1789 1299 munera

302 1347 551 1438 (neque
581 1344 762 1414 enim
792 1346 1014 1438 legato
1045 1345 1365 1436 cuiquam
1420 1345 1523 1414 fas
1576 1361 1678 1414 est
1718 1343 1791 1412 in

306 1463 518 1553 ipsius
549 1459 882 1551 Principis
909 1477 1343 1551 conspectum
1372 1460 1514 1530 sine
1552 1480 1791 1528 mune-

215 1565 221 1573 *
256 1661 262 1666 ¹
304 1580 494 1648 ribus
522 1576 772 1668 venire)
802 1597 975 1666 quae
1006 1593 1154 1646 tum
1185 1576 1272 1644 ad
1304 1575 1531 1667 ipsum
1591 1573 1785 1645 Prin-

310 1695 556 1786 cipem,
585 1709 735 1762 tum
785 1692 873 1761 ad
927 1709 1183 1762 ceteros
1249 1691 1663 1778 ferebantur,
1722 1691 1791 1759 in

308 1811 577 1881 tabulas
609 1808 956 1894 referrent,
1002 1807 1354 1900 adscriptis
1407 1806 1796 1903 nominibus

221 1919 230 1926 ’
315 1949 577 2014 eorum,
622 1925 738 2015 qui
779 1925 1142 2012 mitterent,
1181 1926 1691 2014 edixeruntque,
1722 1941 1796 1992 ut

315 2045 386 2114 in
417 2043 598 2111 diem
624 2057 1013 2131 sequentem
1059 2039 1291 2110 Nostri
1334 2063 1403 2108 se
1440 2060 1796 2130 compara·

253 2185 260 2192 ·
317 2174 491 2244 rent,
517 2158 822 2239 futurum
854 2155 1034 2225 enim
1065 2172 1141 2224 ut
1178 2178 1449 2226 serenos
1476 2155 1590 2244 (sic
1614 2155 1798 2226 enim

319 2274 540 2345 Mosei
554 2275 944 2364 loquuntur)
963 2273 1196 2367 Magni
1218 2273 1552 2363 Principis
1566 2270 1799 2342 oculos

317 2408 689 2468 cernerent.
732 2390 1066 2481 Cupiebat
1101 2391 1381 2481 quidem
1416 2388 1501 2459 P.
1558 2392 1801 2460 Posse-

321 2509 545 2595 vinus,
630 2524 704 2576 ut
774 2529 986 2597 quarn
1057 2507 1343 2576 minima
1422 2523 1674 2597 pompa
1709 2506 1801 2575 ad

323 2622 710 2713 Principem
784 2622 1249 2709 deduceretur,
1320 2623 1524 2713 idque
1572 2625 1805 2694 sedulo

319 2740 524 2807 etiam
584 2757 960 2824 curaverat,
1010 2738 1128 2806 sed
1187 2741 1470 2808 omnino
1520 2760 1805 2809 consue-

291 2855 536 2950 tudini
567 2856 942 2945 parendum
974 2854 1124 2942 fuit,
1158 2877 1239 2923 ne
1286 2855 1618 2946 Principis
1664 2854 1805 2922 ani-

325 2993 480 3040 mus
504 2971 978 3060 offenderetur,
1008 2972 1125 3060 qui
1174 2992 1332 3039 eum
1376 2972 1705 3042 honorem
1732 2971 1800 3039 in
1892 3060 1896 3064 ἓ
