2192 3392
877 306 1159 394 ...7'...
1734 422 1757 429 „

276 564 445 633 quae
472 542 730 610 litterae
758 540 909 610 ideo
938 541 1164 610 minus
1192 541 1597 611 necessariae
1623 542 1762 611 fue-

278 674 461 743 runt,
526 658 713 746 quod
781 658 1059 726 Moscus
1129 658 1349 747 Praga
1418 655 1766 726 Lubecam

209 840 213 845 ,
280 776 701 861 discesserat,
726 774 881 843 inde
906 772 1081 841 mari
1123 770 1426 840 Balthico
1454 770 1523 840 in
1559 770 1763 839 Livo-

283 890 467 958 niam
521 889 1059 958 transmissurus,
1121 885 1527 955 Vratislavia
1567 886 1767 977 igitur

282 1006 691 1075 Varsaviam
716 1025 948 1072 versus
994 1022 1269 1087 cursum
1311 998 1764 1088 intenderunt,

283 1121 510 1211 ibique
538 1118 801 1209 Regina
828 1118 1154 1186 Poloniae
1189 1117 1476 1188 salutata
1507 1132 1591 1206 ¹9,
1617 1120 1766 1187 Vil-

286 1256 448 1304 nam
475 1235 750 1303 tandem
779 1231 866 1301 ad
892 1254 1051 1300 xvm
1094 1232 1249 1300 Kal.
1290 1230 1328 1301 J
1339 1232 1504 1303 ulias
1531 1255 1766 1323 perve-

284 1367 551 1420 nerunt.
618 1350 765 1417 Rex
818 1362 961 1417 erat
1010 1369 1092 1416 eo
1150 1364 1450 1437 tempore
1500 1366 1648 1418 tum
1700 1350 1767 1417 in

286 1465 445 1535 belli
485 1464 801 1552 consiliis,
841 1482 989 1531 tum
1036 1462 1106 1530 in
1137 1462 1599 1554 Christophori
1631 1464 1770 1533 fra-

286 1582 433 1667 tris,
476 1576 988 1659 Transilvaniae
1036 1576 1399 1669 principi3‚‘
1432 1579 1614 1649 luctu
1658 1601 1773 1648 oc-

291 1713 601 1786 cupatuS,
674 1694 781 1763 cui
846 1693 1150 1783 sequenti
1222 1693 1330 1763 die
1398 1694 1576 1784 justa
1647 1695 1773 1765 ritu

292 1809 578 1880 solemni
606 1810 819 1879 facere
860 1808 1218 1899 cogitabat.
1265 1811 1443 1880 Eum
1483 1813 1566 1879 P.
1611 1812 1777 1880 Pos-

294 1923 564 1994 sevinus
590 1923 797 1992 altero
837 1942 990 2015 post
1027 1923 1133 1993 die
1173 1926 1509 2013 convenit,
1562 1928 1776 2017 deque

298 2056 606 2129 suscepta
665 2038 1072 2129 profectione
1130 2040 1460 2110 subtiliter
1518 2041 1770 2112 docuit.

303 2158 399 2243 Is,
448 2140 599 2224 licet
635 2172 853 2225 totum
888 2157 1013 2227 sibi
1050 2158 1135 2226 de
1187 2180 1351 2248 pace
1393 2160 1774 2250 consilium,

300 2293 512 2362 eaque
541 2272 783 2362 legatio
823 2272 1041 2342 inanis
1077 2271 1438 2362 videretur,
1469 2294 1776 2368 propter·

300 2410 379 2457 ea
424 2389 609 2479 quod
652 2389 967 2458 Moscum
1014 2388 1200 2459 brevi
1245 2391 1571 2462 Livoniae
1620 2417 1779 2485 pos-

299 2504 589 2573 sessione
648 2526 994 2573 cessurum
1054 2502 1328 2591 diceret,
1389 2523 1591 2597 atque
1667 2509 1780 2577 illa

302 2620 531 2690 omnia
558 2620 646 2691 ab
678 2620 865 2689 hoste
894 2620 1182 2711 cogitata
1213 2644 1382 2706 esse,
1426 2637 1498 2689 ut
1543 2644 1622 2689 ea
1669 2644 1780 2691 ra-

301 2736 480 2807 tione
542 2737 860 2807 idoneum
916 2735 1071 2806 belli
1116 2752 1382 2826 tempus
1440 2736 1779 2827 eximeret,

303 2871 532 2924 tamen
594 2854 664 2923 in
717 2854 1060 2924 Pontificis
1114 2853 1397 2923 Maximi
1459 2869 1782 2943 potestate

304 2968 608 3040 futurum
632 2992 702 3039 se
726 2970 1189 3055 confirmavit3
1220 2990 1355 3059 quo
1385 2985 1610 3037 autem
1639 2968 1780 3056 ple-
