2192 3392
1496 293 1809 302 ——-..-..—...——-—-.-

913 333 1268 414 ...69--

329 561 704 630 matutinas
732 573 818 648 7¹,
856 562 1154 653 quotidie
1194 561 1439 630 missae
1488 561 1812 631 sacrificio

329 694 394 746 et
421 678 811 768 vespertinis
838 678 1153 768 precibus
1187 679 1541 764 interesset,
1588 679 1808 768 ajunt-

327 816 460 884 que
524 793 716 862 illum
789 794 882 862 rei
945 816 1261 862 caussam
1330 794 1807 884 quaerentibus

327 909 732 1000 respondere
775 933 792 978 ε
842 910 1201 999 Numquid
1244 932 1367 977 nos
1396 909 1804 978 innocentio-

326 1049 434 1094 res
497 1025 759 1095 Davide
829 1027 1113 1095 sumus?
1167 1025 1402 1114 quidni
1464 1025 1666 1116 i'gitur
1720 1023 1805 1095 de

325 1158 522 1209 nocte
564 1163 721 1208 cum
772 1141 886 1209 illo
933 1163 1291 1231 surgamus
1338 1141 1443 1209 ad·
1479 1141 1799 1210 confiten-

328 1256 498 1324 dum
529 1256 702 1344 Deo,
741 1257 1122 1345 lectumque
1172 1271 1478 1324 nostrum
1512 1255 1802 1324 lacrimis

325 1372 647 1463 rigemUS‚
676 1390 740 1441 et
781 1393 1034 1462 panem
1062 1371 1295 1456 cineri,
1343 1370 1636 1440 lacrimis
1675 1393 1799 1461 po-

321 1505 470 1557 tum
499 1488 948 1557 misceamus?
977 1487 1304 1556 ducentos
1342 1486 1597 1555 circiter
1632 1509 1802 1577 pauf

320 1628 514 1697 peres
550 1604 729 1673 idem
757 1604 872 1698 aljt
919 1602 1241 1693 quotidie,
1272 1602 1521 1694 quibus
1560 1602 1791 1693 singu-

321 1723 402 1792 lis
455 1743 656 1789 mane
720 1721 1011 1811 dengam
1091 1738 1323 1810 erogat
1376 1723 1477 1810 (ea
1537 1719 1795 1788 denarii

318 1853 560 1929 quarta
588 1858 745 1927 pars
777 1837 926 1924 est),
958 1835 1045 1902 ad
1074 1857 1424 1925 vesperam
1453 1835 1623 1906 duos
1652 1857 1796 1904 cer-

319 1953 524 2022 visiae
561 1952 798 2021 calices
838 1951 1092 2020 miscet.
1137 1951 1409 2040 Quibus
1459 1952 1662 2021 rebus
1702 1951 1795 2022 ita

317 2069 535 2160 plebis
583 2068 759 2138 oculi
805 2067 1369 2160 perstringuntur,
1404 2085 1479 2136 ut
1529 2049 1793 2137 Princiss

315 2206 484 2277 pum
515 2183 676 2253 vitia
727 2185 832 2254 vel
876 2205 1014 2252 non
1043 2184 1313 2253 videant
1339 2183 1647 2272 omnim,
1686 2185 1790 2254 vel

317 2319 660 2390 excusent,
689 2317 754 2370 et
790 2301 1139 2370 meliorem
1181 2299 1248 2368 in
1287 2317 1550 2391 partem
1587 2300 1792 2369 inter·

312 2435 679 2512 pretentur.
739 2419 796 2486 F
797 2405 1225 2487 oeminarum
1266 2437 1536 2485 summa
1564 2433 1791 2485 custo·
1826 2453 1832 2474 e

312 2537 425 2606 dia
476 2554 573 2605 est
627 2559 644 2604 ε
721 2535 981 2605 nobiles
1029 2531 1212 2602 enim
1268 2549 1620 2602 matronae
1680 2555 1790 2600 ra-

310 2652 598 2740 rissime,
656 2653 888 2739 octies,
944 2652 1030 2720 ad
1113 2670 1462 2718 summum
1543 2647 1789 2737 decieS‚

309 2764 672 2857 quotannis
701 2764 1078 2856 praecipuis
1105 2765 1289 2834 festis
1326 2765 1413 2834 ad
1456 2766 1791 2856 templum

307 2882 530 2972 egredi
559 2880 1082 2971 permittuntur3
1114 2880 1429 2972 virgineS,
1478 2881 1604 2948 nisi
1649 2903 1786 2969 qua

304 2999 412 3066 die
441 2995 974 3082 communicant,
1026 2995 1282 3084 reliquo
1314 3012 1619 3085 tempore
1650 3005 1779 3086 p‘u-
