2192 3392
868 342 1195 383 ...11—

296 557 439 627 niae
468 559 733 646 Regem
758 551 1208 644 pertinebant,
1239 548 1586 643 diligenter
1618 571 1773 619 con-

292 673 459 741 fecta
507 688 760 757 essent,
793 667 881 738 ab
931 668 1079 758 ipso
1138 669 1323 758 Rege
1373 682 1776 757 potestatem

296 786 360 855 in
400 784 825 855 Moscoviam
876 781 1262 853 discedendi
1285 776 1533 853 'Nostri
1564 781 1774 873 petie·

298 919 481 988 runt,
528 922 737 990 quam
768 899 873 968 ille
902 897 1287 968 humaniter
1330 897 1506 984 fecit,
1546 896 1777 965 litteris

298 1014 859 1095 commendatitiis
883 1015 971 1083 ad
995 1013 1250 1083 arcium
1274 1013 1642 1104 praefectos
1661 1011 1778 1080 da·

299 1132 723 1222 tis‚‘viaeque
763 1132 931 1200 duce
966 1130 1380 1219 (Pristavum
1409 1128 1624 1220 gentis
1662 1151 1777 1198 vo-

300 1246 544 1314 cabulo
607 1245 968 1336 appellant)
1030 1244 1310 1330 Basilio,
1360 1243 1776 1313 Cosacorum

299 1362 367 1451 (ii
434 1360 682 1430 milites
751 1357 1110 1428 voluntarii
1175 1360 1364 1445 sunt)
1439 1360 1778 1451 praefecto

298 1474 677 1567 adsignato‚
703 1474 846 1564 qui,
880 1496 1052 1564 quae
1084 1477 1171 1545 ad
1196 1476 1366 1545 illud
1395 1476 1517 1546 iter
1550 1500 1777 1547 neces-

301 1591 480 1661 saria
502 1606 749 1676 essent,
782 1590 1283 1680 suppeditaret3
1333 1592 1390 1660 is
1433 1614 1474 1661 a
1517 1592 1778 1662 Ruthe·

300 1707 455 1775 nico
501 1705 859 1775 schismate
898 1705 967 1774 in
1013 1706 1250 1776 itinere
1299 1708 1387 1776 ad
1443 1708 1780 1779 Ecclesiae

303 1821 655 1891 veritatem
719 1820 1050 1891 adductus
1092 1839 1192 1891 est
1228 1820 1310 1892 ²⁵.
1370 1823 1634 1894 Polotia
1694 1825 1779 1894 ad

304 1964 371 2010 x1
425 1939 560 2008 kal.
622 1937 917 2028 Augusti
960 1938 1264 2027 profecti,
1321 1939 1781 2028 Debrovnam‚

304 2081 481 2151 quae
537 2075 881 2149 postrema
959 2056 1378 2125 Polonorum
1449 2078 1567 2124 arx
1636 2072 1733 2124 est
1759 2108 1780 2143 ‚

308 2174 627 2245 Lithuani
656 2173 1006 2264 Moscique
1028 2170 1245 2262 Regni
1274 2171 1494 2259 limes,
1524 2172 1611 2241 ad
1641 2173 1776 2241 kal.

307 2291 605 2385 Augusti
639 2306 1115 2382 pervenerunt,
1139 2290 1672 2380 haudquaquam
1689 2314 1784 2360 se-

306 2408 471 2477 curi.
515 2405 873 2496 Equitibus
928 2404 1137 2491 enim,
1187 2403 1304 2494 qui
1354 2404 1536 2494 ipsos
1569 2428 1777 2496 prae·

310 2521 459 2592 sidii
508 2542 746 2592 caussa
804 2520 1264 2606 deducebant,
1313 2520 1424 2589 ubi
1484 2509 1783 2611 primum

311 2635 698 2704 Moscoviae
726 2635 888 2703 fines
911 2636 1268 2722 intrarunt,
1286 2635 1577 2705 destituti
1597 2656 1786 2726 sunt,

312 2750 495 2840 quod
523 2730 952 2836 verebantur{
982 2773 1064 2819 ne
1093 2773 1134 2819 a
1165 2751 1446 2839 MosciS‚
1473 2753 1585 2841 qui
1627 2754 1787 2822 assi-

313 2865 463 2933 duis
491 2863 1037 2955 populationibus
1069 2865 1393 2935 Poloniae
1435 2862 1600 2935 fines
1626 2890 1782 2935 vas-

314 2997 449 3049 tare
511 2999 1040 3069 consueverunt,
1107 2983 1594 3069 caederenturz,
1660 2985 1784 3054 iter
