2192 3392
885 324 960 334 ...
1008 294 1085 371 57
1131 322 1208 338 ....

296 524 579 594 aedibus
626 524 1027 594 attributum
1072 539 1194 593 est.
1241 521 1399 591 Jam
1448 516 1793 589 Paschalis

297 641 440 709 dies
471 637 867 709 Dominicus
906 638 1170 725 aderat,
1220 657 1377 709 eum
1421 636 1508 724 P.
1556 636 1794 705 Posse·

294 756 497 825 vinus
544 755 832 825 excitata
882 756 950 825 in
993 754 1157 849 ipsis
1199 752 1480 823 aedibus
1528 774 1644 821 ara
1684 774 1794 823 ce-

293 872 604 955 lebravit,
669 872 816 962 ipso
868 871 1170 963 parocho
1243 869 1657 959 inspectante
1731 889 1797 941 et

298 990 836 1078 obstupescente.
909 988 979 1057 Is
1034 987 1247 1057 filium
1295 988 1472 1055 ultro
1527 985 1797 1055 Nostris

222 1188 229 1191 ,
300 1102 573 1201 obtulit,
641 1122 847 1191 quem
915 1100 1443 1191 Bransbergam,
1501 1100 1796 1171 Olomu-

303 1218 562 1286 tiumve
600 1217 1032 1303 deducerent,
1064 1216 1180 1285 sed
1225 1234 1438 1285 certas
1469 1216 1560 1286 ob
1600 1239 1797 1286 caus-

302 1356 413 1402 sas
442 1355 602 1401 eum
634 1332 781 1402 loco
830 1354 971 1401 non
1017 1354 1290 1403 movere
1331 1332 1541 1401 satius
1579 1332 1799 1402 visum

303 1466 439 1539 est,
475 1469 689 1517 unum
736 1449 1091 1519 dumtaxat
1142 1449 1637 1518 adolescentem
1676 1471 1800 1518 no-

308 1565 461 1635 bilis
489 1564 777 1635 luterani
817 1564 1034 1635 filium
1070 1565 1470 1652 eduxerunt,
1511 1564 1800 1635 Curlan-

307 1681 458 1753 diae
536 1680 893 1772 primitiaS,
950 1682 1067 1771 qui
1134 1682 1462 1772 plurimas
1542 1683 1806 1771 linguas

306 1797 529 1885 sciret,
581 1797 890 1884 latinam,
947 1797 1434 1889 germanicam,
1480 1798 1802 1889 goticam,

304 1911 717 2002 polonicam,
776 1911 1195 1981 ruthenicam
1271 1930 1336 1982 et
1412 1894 1838 1983 moscoviti?

308 2049 490 2115 cam,
528 2050 736 2117 quem
772 2027 956 2097 brevi
980 2029 1221 2098 fratres
1250 2028 1421 2096 duos
1461 2048 1805 2101 secuturos

312 2160 692 2234 speramus·
729 2143 1034 2215 Illuxeno
1069 2144 1317 2236 Rigam
1346 2167 1575 2214 versus
1607 2146 1806 2238 (quae

264 2305 270 2310 -
319 2259 644 2328 Livoniae
690 2277 894 2351 caput
937 2277 1064 2347 est,
1098 2282 1368 2350 quoque
1410 2260 1558 2329 Rex
1610 2264 1809 2331 Polo-

313 2375 464 2445 niae
492 2398 665 2463 sese,
706 2398 871 2466 pace
902 2375 1106 2463 facta,
1155 2377 1614 2468 transtulerat)
1671 2402 1805 2448 non

318 2491 459 2560 sine
508 2472 892 2562 difficultate
945 2492 1460 2580 contenderunt,
1518 2494 1812 2564 flumini-

320 2608 450 2677 bus
478 2609 733 2699 passim
778 2607 1307 2693 occurrentibuS,
1360 2630 1537 2698 quae
1582 2610 1678 2678 illi
1716 2612 1810 2679 in-

318 2726 570 2794 formes
605 2727 854 2825 ·alveos
922 2716 1003 2794 ex
1073 2723 1429 2794 arboribus
1497 2743 1822 2794 cavantes⁴

322 2861 685 2933 utcumque
716 2841 1161 2933 trajiciebant,
1197 2861 1540 2929 equosque
1578 2859 1815 2910 nantes

323 2959 481 3028 loris
532 2982 573 3028 a
620 2960 965 3051 puppibus
1000 2953 1383 3028 trahebant.
1432 2955 1619 3023 Misit
1666 2957 1810 3024 Rex
