2192 3392
1009 283 1330 326 —22—

432 496 514 563 P.
551 495 919 565 Possevino
954 493 1267 566 Pontifici
1294 517 1363 564 se
1390 495 1698 564 Maximo
1729 465 1905 565 εέὼί-

429 610 586 679 bere
615 609 1076 701 profitebatur.
1122 633 1237 678 xm
1276 611 1432 679 Kal.
1460 608 1903 702 Septembris,

433 726 550 816 qui
580 725 722 792 dies
759 742 902 792 erat
931 723 1138 793 festus
1182 722 1253 793 S.
1312 725 1639 794 Bernardi
1669 727 1908 797 Abba-

431 846 544 932 ῑίε,
573 863 730 912 cum
763 840 995 909 Nostri
1029 862 1173 909 rem
1200 840 1503 909 divinam
1533 842 1811 931 privatis
1839 844 1905 910 in

428 959 712 1030 aedibus·
737 960 1143 1050 peregissent
1173 960 1262 1048 (id
1287 961 1470 1050 quod
1508 961 1552 1029 ii
1578 964 1904 1052 quamdiu

430 1078 496 1145 in
536 1076 883 1148 Moscovia
909 1076 1150 1145 versati
1180 1095 1336 1144 sunt
1370 1078 1666 1147 solemne
1687 1103 1908 1149 serva-

432 1196 609 1285 runt)
654 1193 941 1261 Pristavi
987 1214 1237 1282 magno
1268 1192 1564 1282 reliquae
1603 1195 1909 1266 nobilita-

430 1308 515 1376 tis
559 1310 878 1385 comitatu
936 1310 1385 1398 adveneruntz,
1418 1333 1497 1379 ac
1546 1313 1714 1381 dum
1760 1337 1908 1385 mu-

432 1447 594 1494 nera
638 1426 704 1494 in
757 1425 966 1495 saccis
1009 1448 1203 1512 auro,
1242 1444 1653 1518 argentoque
1701 1429 1905 1499 inter-

427 1539 618 1608 textis
672 1559 1218 1633 componuntur‚
1276 1530 1414 1612 duo
1451 1544 1748 1633 primarii
1785 1547 1905 1616 viri

415 1682 596 1731 -auro
625 1661 981 1752 fulgentes,
1000 1660 1066 1729 in
1096 1654 1284 1751 equis
1310 1651 1477 1732 auro
1505 1663 1671 1734 item
1700 1662 1909 1730 niten-

431 1778 635 1864 tibuS‚
683 1778 1213 1869 conspiciuntur,
1267 1802 1439 1869 quos
1486 1803 1617 1849 xxx
1658 1779 1915 1850 circiter
1999 1867 2006 1873 ·

431 1895 683 1985 pedites
707 1894 928 1962 sericis
950 1895 1593 1987 versicoloribusque
1620 1895 1911 1966 vestibus

432 2011 647 2089 induti
704 2010 1179 2100 sequebantur.
1242 2011 1363 2096 Hi,
1419 2011 1616 2102 longa
1664 2013 1777 2081 illa
1825 2013 1908 2079 ti-

429 2127 726 2195 tulorum
763 2127 1171 2215 praefatione
1195 2126 1521 2214 adhibita,
1546 2128 1628 2196 P.
1663 2128 1909 2197 Posse-

430 2243 589 2310 vino
619 2243 954 2328 nuntiant,
983 2244 1213 2333 paullo
1240 2261 1392 2334 post
1418 2245 1747 2333 Magnum
1774 2243 1913 2313 Du-

434 2379 578 2427 cem
603 2381 759 2427 suos
784 2380 1053 2428 serenos
1081 2360 1313 2427 oculos
1342 2360 1467 2450 ipsi
1486 2377 1913 2428 ostensurum

437 2474 626 2561 (haec
691 2473 914 2561 enim,
961 2491 1031 2542 ut
1098 2492 1253 2542 ante
1308 2475 1469 2562 dixi,
1523 2478 1915 2544 Moscorum

434 2590 725 2659 formula
757 2591 876 2682 est)
911 2592 1410 2682 missurumque
1432 2591 1705 2660 obviam
1738 2588 1912 2656 duos

433 2729 468 2772 e
491 2704 703 2796 Regni
722 2706 1135 2794 proceribus,
1157 2706 1289 2774 His
1312 2706 1739 2790 abeuntibuS,
1754 2725 1912 2772 cum

433 2825 590 2912 equi
627 2846 668 2892 a
715 2847 964 2916 magno
1007 2825 1195 2892 Duce
1236 2824 1422 2892 missi
1462 2821 1913 2907 advenissent,

440 2941 672 3009 Nostri
719 2963 870 3010 cum
919 2939 1239 3008 Pristavis
1289 2961 1365 3007 ac
1401 2938 1668 3007 duobus
1708 2938 1913 3007 inter·
