2192 3392
840 263 1168 362 ‘935‘ss

248 528 387 597 bris
418 529 667 633 rejecta
696 545 877 599 sunt.
912 530 1015 598 Eo
1058 530 1166 599 die
1208 531 1443 600 eadem
1472 531 1748 600 celebri-

250 664 388 715 tate
419 669 461 715 a
495 646 683 714 Duce
728 646 925 715 tertio
962 664 1352 734 evocantur,
1397 648 1752 737 jussusque

255 780 357 832 est
416 763 500 829 P.
568 763 1003 849 PossevinuS,
1062 787 1236 853 quae
1291 763 1752 852 superioribus

255 878 496 948 diebus
534 879 907 948 instituerat
944 902 1100 948 curn
1133 879 1546 949 Consiliariis
1588 902 1750 948 con-
1782 928 1789 935 -

259 996 555 1066 cludere.
603 995 765 1084 Quo
816 997 921 1065 die
965 1019 1122 1065 cum
1187 1019 1361 1065 unus
1403 1020 1438 1064 e
1489 999 1751 1067 comiti-

257 1113 390 1182 bus
421 1113 664 1181 morbo
700 1113 890 1181 domi
933 1132 1230 1183 retentus
1279 1130 1476 1199 esset,
1525 1112 1755 1181 statim

262 1230 419 1297 Dux
494 1229 582 1296 ad
656 1252 812 1297 eum
885 1230 1103 1297 virum
1175 1229 1549 1319 principem
1617 1228 1746 1295 mi-

260 1342 374 1428 sit,
412 1342 526 1432 qui
557 1343 1027 1431 sciscitaretur,
1072 1366 1238 1412 num
1278 1367 1415 1434 qua
1463 1366 1532 1412 re
1583 1344 1755 1411 indi-

260 1460 490 1550 geret?
522 1481 599 1527 ac
634 1460 862 1549 paullo
900 1478 1052 1548 post
1084 1482 1284 1528 suurn
1318 1459 1521 1528 etiam
1551 1458 1760 1527 rnedi-

262 1598 427 1644 cum
489 1574 831 1643 hominem
908 1575 1186 1665 Belgam
1254 1573 1450 1643 officii
1522 1597 1756 1643 caussa

266 1690 623 1781 delegavit.
680 1688 867 1758 Solet
930 1708 1160 1759 autem
1217 1691 1371 1758 Dux
1427 1708 1567 1759 tam
1624 1691 1757 1759 fre-

266 1823 555 1897 quenter
587 1806 841 1896 legatos
876 1805 961 1873 ad
993 1828 1061 1873 se
1093 1828 1455 1890 accersere,
1487 1828 1571 1873 ne
1612 1806 1758 1873 adi·

266 1940 379 1991 tus
407 1922 495 1989 ad
524 1942 594 1988 se
622 1920 747 1988 illis
779 1921 1178 1989 interclusus
1202 1921 1548 2006 videatur3
1576 1922 1760 2011 quod

270 2054 496 2107 autem
529 2058 646 2126 per
675 2035 1091 2102 consiliarios
1119 2037 1545 2125 respondeat,
1583 2037 1651 2106 in
1681 2059 1763 2104 eo

270 2152 566 2225 creditur
594 2171 791 2218 suam
812 2173 1075 2219 servare
1103 2152 1561 2241 majestatcm;
1596 2153 1764 2221 inter

273 2268 838 2340 consultationem
897 2289 1079 2351 vero,
1151 2289 1305 2335 cum
1375 2269 1763 2356 hujusmodi

274 2388 499 2457 nodus
536 2385 901 2469 incidisset,
925 2407 1127 2473 quem
1159 2385 1536 2455 Consiliarii
1565 2407 1764 2475 expe-

273 2505 416 2574 dire
446 2502 570 2594 ipsi
609 2523 729 2590 per
756 2523 826 2569 se
866 2522 1002 2568 non
1028 2486 1377 2578 auderent,
1433 2501 1646 2589 deque
1687 2523 1766 2568 ea
1823 2562 1828 2567 .

276 2644 350 2689 re
402 2620 491 2688 ad
553 2618 812 2686 Ducem
878 2618 1285 2700 retulissent,
1340 2614 1663 2703 delegavit
1712 2616 1766 2682 is

279 2734 597 2805 Mikitam
621 2732 1194 2803 Romanovictum
1220 2743 1303 2812 4⁷,
1335 2730 1592 2820 primae
1615 2750 1768 2797 con-

276 2852 453 2943 jugis
480 2851 872 2919 demortuae
910 2848 1213 2934 fratrem,
1250 2842 1558 2913 summae
1605 2866 1765 2912 auc-

247 2966 564 3059 ·toritatis
636 2965 858 3033 virum
924 2978 989 3031 et
1076 2960 1479 3050 Bogdanum
1566 2958 1770 3025 Biels-
